3116 5200
548 324 813 429 ·-a‚1-

139 481 265 614 Scythia
278 526 438 593 chalcidis
448 526 535 591 urhis
551 528 739 591 mentionem
753 526 876 591 lacitet
890 527 1065 610 Hesychius
1076 527 1272 610 Χαλκιδικὴν

140 658 222 705 uoce
234 636 374 721 Σκυθική
388 639 540 720 explicat:
564 645 657 720 atoue
678 657 744 703 cum
763 640 875 704 Strabo
896 639 985 703 aliam
1006 640 1112 730 urbem
1134 639 1272 703 eiusdem

139 748 272 815 nominis
287 751 319 812 in
331 749 446 822 Anahia
462 755 682 815 commemoret
692 752 733 830 ¹),
749 748 829 815 hanc
844 766 987 815 caussam
1000 750 1199 832 corruptelae
1214 767 1273 832 pu·
1397 752 1400 757 ’

140 861 268 927 taueris.
291 861 400 942 Neque
415 867 517 923 tamen
532 858 637 940 uideo,
659 878 740 942 quae
754 863 835 925 satio
848 862 1089 927 lleimsoethium
1108 861 1273 943 impulerit,

140 979 174 1036 ut
189 971 365 1037 Chalcidem
381 969 547 1065 Chalybum
569 971 676 1035 nahem
697 970 975 1057 tusseystatoerot.
1018 973 1094 1037 Nam
1113 969 1196 1054 quod
1216 976 1273 1034 ne·

140 1099 190 1146 mo
212 1082 316 1146 adhuc
337 1080 491 1162 Chalybas
514 1083 547 1144 in
567 1080 707 1146 Caucaso
728 1085 845 1163 posuit,
868 1083 899 1146 id
922 1084 1132 1148 coniecturam
1154 1082 1273 1146 lahela-

139 1201 205 1258 ctat
225 1193 345 1274 potius,
375 1188 479 1275 quam'
495 1191 665 1257 confirmat
709 1191 770 1258 Sed
797 1211 866 1257 oum
889 1192 1066 1258 Chalcidem
1087 1192 1273 1275 Scythicam,

140 1304 181 1368 de
210 1321 271 1386 qua
300 1301 580 1384 urhe-Stephanus
610 1302 763 1367 llernaiam
792 1302 1006 1389 geographiam
1039 1309 1152 1367 testem
1180 1304 1273 1381 citat,

138 1414 288 1496 Aeschyli
311 1418 413 1478 aetate
434 1412 572 1477 nondum
606 1415 766 1478 exstitisse
788 1415 921 1477 omnium
952 1414 1159 1496 antiquiorum
1188 1415 1272 1477 scri-

139 1534 263 1607 ptorum
283 1524 438 1589 silentium
462 1523 598 1604 doceat,
631 1524 812 1615 coniectura
841 1525 930 1588 huius
962 1524 1066 1606 oppidi
1100 1541 1212 1588 nomen
1239 1525 1272 1587 in

12 1621 23 1644 '
139 1635 330 1718 Aeschylum
364 1634 516 1699 inducere
545 1646 608 1701 ulon
638 1635 732 1700 licet·
772 1619 893 1703 Deinde
921 1644 999 1699 uero
1028 1634 1170 1716 equidem
1200 1651 1273 1717 pes·

137 1747 275 1812 suadere
295 1745 367 1810 mihi
386 1764 449 1811 non
472 1763 595 1828 possum
617 1746 860 1830 grammaticum,
883 1745 1130 1828 quiStrahonem
1152 1762 1273 1830 cogno-

139 1859 312 1938 ueritiam
335 1857 493 1922 indoctum
516 1858 637 1935 luisse,
670 1865 704 1921 ut
725 1859 848 1923 Arabas
877 1836 910 1921 in
933 1858 1074 1921 Caucaso
1096 1857 1190 1919 sedes
1210 1856 1272 1918 ha-

140 1970 217 2034 here
239 1974 368 2050 putaret
413 1968 545 2032 Accedit
568 1969 724 2051 denique,
745 1969 846 2049 quod,
880 1969 932 2050 qui
954 1967 1050 2031 uerha
1072 1959 1273 2048 ὑψίκρημνον

139 2075 283 2156 πόλισμα
294 2075 472 2140 Καυκάσου
488 2076 590 2153 *nelca
605 2079 701 2158 audit·
723 2080 827 2162 potius
842 2078 882 2141 de
897 2076 1098 2141 celeberrima
1112 2071 1273 2149 colchide,

138 2204 230 2270 quana
250 2189 290 2252 de
311 2190 402 2271 plane
422 2189 689 2272 ignotachalcide
712 2188 840 2273 cogitat,
863 2195 898 2252 ut
920 2187 1088 2252 scholiasta
1110 2191 1197 2261 recto
1222 2185 1272 2246 in-

139 2299 267 2366 tellexit.
296 2300 369 2364 Alia
384 2301 480 2385 igitur
503 2304 555 2365 uia
577 2300 782 2385 ingredienda
805 2308 863 2380 est,
884 2318 964 2381 quae
986 2297 1110 2381 quidem
1126 2295 1202 2375 mihi
1220 2294 1273 2357 illa

138 2409 327 2474 scholiastae
357 2410 565 2492 explicatione
593 2415 761 2476 monstrari
792 2412 927 2475 uidetur.
979 2407 1158 2472 llerodotus
1192 2407 1272 2471 enim

139 2521 193 2601 (lt,
211 2519 287 2600 103)
310 2526 341 2583 et
362 2520 521 2597 Diodorus
545 2520 583 2604 (l,
604 2519 663 2600 55)
685 2539 875 2586 communem
898 2520 994 2585 fuisse
1016 2519 1124 2583 samam
1147 2516 1274 2581 tradunt

139 2630 317 2699 colchidem
337 2632 376 2695 ah
398 2632 562 2716 Aegyptiis
583 2650 655 2695 esso
678 2631 847 2709 conditam3
868 2633 949 2697 idem
963 2631 1112 2695 Auienus
1128 2629 1177 2692 his
1199 2644 1273 2693 uer·

82 2743 84 2746 ’
139 2744 188 2808 on
209 2744 300 2808 ueta:
747 2804 751 2807 ,
1243 2718 1246 2727 ⁴

116 2846 121 2851 ’
294 2854 428 2939 lmpiges
451 2854 510 2917 hos
529 2860 656 2934 psopter
679 2853 812 2933 Colchus
835 2852 910 2915 colit
930 2853 991 2915 iste
1012 2850 1119 2928 feroci

294 2966 368 3029 exul
390 2965 428 3028 ah
449 2963 594 3048 Aegypto
616 2965 721 3028 celsae
742 2963 820 3027 serit
840 2980 959 3045 aspera
978 2962 1068 3043 rupis
1077 2964 1114 3039 ¹),

140 3078 171 3140 ἰιι
194 3077 305 3159 quihus
327 3093 468 3160 magnam
498 3074 725 3167 similitudinem
755 3093 823 3138 cum
853 3074 1000 3158 Aeschyli
1028 3073 1133 3138 ueshis
1149 3085 1271 3153 agno-

136 3182 213 3261 scis,
258 3189 366 3270 ltaque
388 3186 586 3250 scribendum
610 3203 682 3250 esse
705 3187 838 3251 coniicio

466 3292 626 3377 Ἀερίιον
647 3302 675 3359 τ’
695 3286 801 3381 ὄρειον
820 3291 926 3376 ἄνθος,

470 3401 671 3488 ὑψίκρημνον
691 3403 726 3467 οἳ
741 3395 886 3485 πόλισμα

469 3512 645 3580 Καυκάσου
665 3513 764 3588 πέλας
783 3510 939 3593 νέμονται.

244 3632 419 3715 Stephanus
442 3631 522 3693 enim
545 3628 711 3713 Byzantius
731 3625 905 3709 Aegyptum
924 3620 1049 3707 Ἀκρίαν
1071 3626 1201 3708 eiusque
1223 3627 1272 3688 in·

138 3747 226 3812 colas
245 3739 400 3828 Ἀερίους,
424 3739 583 3820 Zophea,
615 3730 745 3822 ’Δεριεῖς
772 3738 946 3802 nominatos
969 3754 1040 3801 esse
1063 3737 1156 3801 docet
1177 3745 1271 3820 atque
1305 3794 1308 3799 .

142 3877 450 3898 ..p-‘'—

242 3951 273 4020 1)
291 3947 383 4003 Strabo
400 3946 465 4012 xvi,
484 3947 509 3999 2
530 3945 570 4012 18,
581 3960 613 4021 γρ.
625 3944 689 4001 755ι
707 3945 781 4016 pseud
798 3942 830 3998 δὲ
850 3943 1041 4014 τὸνΜίκραν
1055 3943 1135 3996 ἔστιν
1154 3941 1171 3995 ὁ
1181 3944 1271 3993 Μασ-
1303 3947 1306 3953 ’

141 4046 214 4104 σύας
231 4047 309 4115 ἔχων
328 4044 466 4097 τινὰκαὶ
485 4040 604 4111 o'pscvsl,
630 4041 662 4093 ἐν
685 4029 731 4097 οἶς
756 4039 904 4103 ιῖΧαλκὶς
929 4037 1022 4105 υίςιιερ
1040 4035 1201 4105 ιίκρόιιολις
1219 4035 1271 4087 τοῦ

139 4122 348 4194 Μασσίοιιζιιί
363 4137 419 4207 μὲν
439 4129 493 4188 adr
511 4134 613 4204 ὀρεινοὶ
630 4135 733 4201 ἔχουσι
752 4131 848 4187 πάντα
866 4131 1022 4199 Ἰτουραῖοί
1040 4146 1067 4182 ιε
1087 4132 1138 4182 καὶ
1151 4127 1271 4195 Ἄραβες

140 4236 303 4306 κακοῦργον
322 4228 438 4287 odress-
943 4228 946 4233 ’

241 4320 578 4403 nwmems
