3116 5200
764 382 955 447 -2-

295 561 327 621 in
351 555 648 641 desertisscptbiae
672 555 806 634 partibus
830 556 953 617 alsrxum
977 574 1048 619 esse
1071 559 1109 620 ita
1134 556 1268 638 quidem,
1290 566 1323 622 ut
1339 559 1422 623 Pon-

291 677 355 731 tum
391 668 545 730 Euxinum
583 670 614 728 in
649 673 816 745 conspectu
846 666 991 767 babeal3
1024 667 1076 732 Sin
1112 687 1189 730 uero
1226 669 1295 731 aliis
1324 673 1421 754 magis

142 762 146 768 ¹
214 813 218 819 ·
291 770 441 861 placuerit
476 797 619 841 scaenam
664 776 835 839 Promethei
871 780 963 839 uincti
1000 798 1110 842 uersus
1145 781 1300 844 Oceanum
1338 784 1419 861 poni,

290 895 357 972 ipse
378 892 491 953 latetur
514 908 549 951 se
572 891 616 950 eis
640 908 702 951 non
725 874 914 968 pertinacius
939 907 1008 951 esse
1030 899 1283 972 repugnaturum.
1336 893 1420 966 Ouae

290 1005 454 1083 disputatio
490 1019 551 1062 non
587 1001 677 1064 modo
713 1018 827 1077 sutnma
865 1002 1002 1063 uirorum
1043 1002 1205 1065 doctorum
1244 978 1356 1067 studia*
1381 1005 1417 1065 cd

290 1115 369 1176 banc
390 1115 602 1195 quaestionem
626 1111 815 1172 tractandam
839 1112 1000 1188 excitauit,
1032 1131 1140 1174 uerum
1164 1115 1254 1176 etiam
1277 1117 1416 1178 omnibus

287 1224 512 1307 posterioribus
537 1224 845 1285 commentationibus
868 1221 944 1283 lines
967 1223 1138 1304 descripsit.
1192 1224 1265 1286 Nam
1287 1227 1416 1311 primum

288 1354 352 1398 non
384 1336 533 1409 deerant,
565 1335 617 1414 qui
637 1335 781 1420 priorem
810 1333 985 1413 opinionem
1016 1352 1032 1394 a
1063 1332 1226 1396 Schuetzio
1250 1334 1410 1399 refutatam

287 1444 507 1508 defenderent:
530 1463 547 1505 e
571 1445 679 1525 quibus
700 1443 886 1506 Wclckerus
910 1445 1032 1524 quidem
1055 1448 1171 1524 partem
1193 1445 1323 1508 Caucasi
1346 1464 1407 1510 non

264 1557 461 1619 ⁴accuratius
485 1556 668 1632 terminauit,
692 1555 884 1617 Hermannus
897 1554 1087 1638 lleinganum
1107 1573 1184 1618 uero
1204 1555 1242 1618 de
1264 1574 1302 1619 ec
1325 1559 1413 1640 ocgi-

286 1669 377 1744 tauit‚
408 1685 490 1747 quae
518 1667 556 1729 ad
591 1667 718 1728 Pontum
748 1667 899 1731 Euxinum
930 1668 1052 1749 uergit:
1089 1666 1274 1731 Klausenius
1304 1675 1415 1757 contra

284 1777 342 1838 sibi
367 1778 521 1858 persuasit
544 1777 714 1838 Caucasum
737 1775 776 1837 de
793 1760 939 1859 Aescbyli
962 1779 1114 1839 sententia
1136 1778 1168 1838 in
1190 1779 1335 1841 extremis
1359 1797 1413 1840 re.

285 1889 431 1970 gionibus
462 1887 661 1950 orientalibus
698 1889 803 1949 iacere
834 1889 963 1969 eiusque
990 1890 1022 1950 iu
1060 1888 1191 1967 collibus
1227 1888 1414 1952 australibus

282 2018 345 2062 non
368 2001 477 2082 procul
504 2000 543 2061 ab
565 1998 693 2061 Oceano
719 1999 933 2062 Prornetbeum
965 1998 1115 2080 pendere.
1164 2001 1248 2063 luter
1277 2001 1412 2064 relicuos

283 2119 404 2187 comm,
433 2113 485 2189 qui
516 2111 657 2174 Scluetsi
687 2111 831 2193 uestigia
847 2119 1049 2188 presserunt,
1079 2110 1235 2194 Reisigius
1266 2128 1410 2175 scaenam

282 2221 319 2283 ad
350 2222 436 2300 ipsos
462 2223 554 2282 Asiae
582 2221 680 2296 lines,
714 2218 906 2282 Voelckerus
934 2223 964 2280 in
989 2221 1152 2283 Maeotidis
1176 2241 1243 2297 oro,
1272 2223 1411 2284 Hocbius

280 2331 487 2411 Outlorusque
508 2333 542 2393 in
558 2332 644 2395 Ponti
668 2332 760 2392 litore
782 2331 1028 2410 septentrionali,
1053 2331 1246 2393 Hermannus
1263 2332 1293 2391 in
1311 2329 1412 2394 medie

282 2450 363 2504 terra
385 2459 478 2524 supra
503 2443 612 2504 lstrum
635 2441 934 2521 posuit51acubsius
956 2440 1097 2520 danique
1115 2441 1215 2503 locum
1239 2448 1326 2503 certo
1339 2443 1409 2504 de-

279 2553 368 2616 finire
395 2571 460 2617 non
491 2552 592 2618 audet.
644 2554 726 2616 lllam
761 2572 837 2616 uero
868 2556 1074 2630 senteutiam,
1102 2568 1192 2633 quam
1220 2551 1411 2616 sennanim

279 2683 342 2731 uon
370 2667 464 2746 plane
498 2666 627 2741 reiecit,
652 2670 724 2725 ante
743 2683 811 2726 eum
843 2660 940 2723 autem
962 2662 1117 2726 Stanleius
1148 2664 1299 2739 defendit,
1323 2664 1408 2728 Bell..

280 2792 411 2840 mannus
431 2784 463 2839 et
485 2775 714 2840 Sobocmannus
746 2773 878 2852 amplexi
906 2778 993 2848 sunt,
1022 2791 1153 2852 quorum
1175 2775 1263 2854 prior
1284 2777 1408 2857 quidem

279 2889 354 2951 satis
376 2887 483 2950 imbuit
497 2886 650 2950 allirmare
664 2885 798 2947 fabulam
822 2885 852 2944 in
872 2883 987 2945 Oceani
1008 2883 1127 2951 uicinia
1144 2887 1206 2967 agi,
1230 2887 1307 2948 altar
1330 2905 1408 2953 nare

280 2997 466 3080 Aeschylum
498 2998 617 3075 putauit
646 2994 684 3056 de
715 3013 751 3057 ea
782 2996 882 3055 litoris
908 2999 995 3074 parte
1026 2996 1203 3077 cogitasse,
1227 3014 1305 3076 quaa
1324 2999 1409 3062 inter

279 3125 426 3172 occasum
452 3107 531 3169 solis
562 3112 593 3167 et
620 3106 846 3186 septentriones
873 3111 1039 3184 spectarat
1085 3108 1289 3171 Riombeldins
1313 3108 1405 3171 doni.

279 3237 338 3299 qne
359 3218 557 3300 etForbiger
580 3217 670 3296 plane
686 3216 933 3295 desperauerunt
954 3216 1011 3278 bac
1032 3218 1064 3278 in
1088 3219 1221 3280 reuerti
1243 3222 1408 3300 quicquam

278 3331 370 3392 statui
393 3347 495 3411 posse.
540 3329 596 3391 Tot
619 3327 713 3408 igitur
736 3327 907 3388 sententiae
923 3327 964 3388 de
980 3327 1062 3403 loco,
1085 3328 1116 3388 in
1133 3344 1193 3407 quo
1205 3329 1408 3393 Prometheus

276 3436 357 3522 apud
370 3440 556 3521 Aeschylum
571 3439 695 3500 uinctus
710 3440 760 3514 sit,
771 3455 840 3499 oum
854 3443 987 3516 exstent
1012 3438 1092 3501 nullu
1109 3445 1209 3500 tamon
1230 3439 1315 3516 mtto,
1334 3458 1407 3502 cum

277 3551 378 3614 oblata
398 3549 566 3630 aliquando
589 3536 756 3611 occasione
779 3565 973 3628 quaererem,
995 3567 1082 3628 quae.
1097 3566 1172 3611 uera
1197 3555 1291 3625 essct,
1314 3551 1407 3628 plane

276 3663 403 3742 probata
426 3665 481 3723 est.
511 3661 606 3732 Onam
629 3660 757 3736 obrem,
771 3658 823 3720 ubi
841 3660 968 3739 primum
985 3659 1102 3740 bleyeri
1124 3662 1342 3724 commentatio
1364 3659 1407 3721 de

276 3774 334 3835 berc
356 3774 422 3852 ipsa
445 3773 630 3851 quaestione
652 3769 780 3834 Bonnae
794 3772 937 3852 proximo
953 3788 1034 3833 anno
1056 3770 1181 3851 prodiit,
1204 3789 1270 3834 earn
1285 3789 1405 3835 summo
1468 3856 1479 3860 -

276 3884 389 3946 ardore
410 3882 550 3964 perlegi5
588 3880 643 3943 sed
673 3882 777 3961 prucis
805 3886 920 3943 tantum
957 3880 995 3942 de
1024 3881 1117 3945 rebus
1148 3898 1217 3942 cum
1248 3883 1403 3961 scriptore

276 3995 453 4057 consentire
476 3993 571 4072 potui.
609 3993 757 4066 Quoniam
777 3993 874 4074 igitur
896 3991 1008 4054 multae
1028 3990 1234 4055 dubitationes
1258 3993 1329 4056 mibi
1349 4012 1403 4055 re-

275 4102 640 4182 lictacsuanrometbai
651 4103 747 4165 uerba
756 4120 851 4183 snpra
860 4109 1095 4167 commemorata
1108 4103 1188 4167 banc
1198 4104 1270 4169 mibi
1282 4105 1402 4165 veniam

274 4231 344 4277 esse
357 4213 465 4276 datura
483 4230 589 4295 spero,
610 4218 646 4274 ot
669 4213 833 4291 bolesmi,
855 4213 894 4275 de
910 4228 968 4293 qua
989 4216 1035 4275 bot
1050 4215 1111 4277 uiri
1134 4214 1219 4276 docti
1242 4211 1405 4276 dimersa·-

272 4331 356 4403 runt,
379 4325 489 4386 iterum
512 4322 689 4386 tractandae
704 4322 990 4403 periculumlacere
1008 4324 1115 4388 liceat:
1139 4325 1319 4405 amnestia
1342 4325 1401 4388 hac
