3116 5200
720 380 933 449 ,pg-

470 557 599 634 τραχεῖα
618 548 735 615 πόντον
756 550 987 633 Σαλμυδησσία
997 553 1022 636 ¹)
1042 552 1157 637 γνάθος

470 660 656 746 ἐχθρόξενος
675 650 832 743 νοότοισι,
852 660 990 747 μητρυιὰ
1010 663 1101 727 νεῶν·

468 762 568 836 αὗταί
584 776 614 833 o’
636 767 831 857 ὁδηγήσουσι
850 768 904 834 καὶ
921 769 997 852 μόλ’
1017 768 1173 853 ἀσμένοις.

469 873 588 964 ἰσθμόν
597 888 625 962 2)
644 882 674 947 δ’
694 882 743 947 ἐπ’
761 879 873 958 αὐτοῖς
894 879 1096 965 στενοπόροις
1116 880 1228 964 λίμνης
1249 880 1363 954 πόλαις

372 996 447 1063 730.
470 990 669 1078 Κιμμερικὸν
690 989 780 1075 ἥξεις,
802 988 839 1058 όν
858 990 1151 1078 θρασυσπλάγχνως
1174 1008 1210 1059 σε
1229 991 1292 1074 χρὴ
1319 1056 1322 1063 ,

474 1104 629 1168 λιποῦσαν
648 1099 765 1167 αὐλῶν’
785 1103 919 1186 ἐκπερᾶν
939 1099 1143 1169 Μαιωτικόν·

469 1213 560 1279 ἔσται
580 1214 615 1279 tt
635 1216 761 1297 θνιμοῖς
781 1214 876 1291 signet
895 1210 988 1296 λόγος
1007 1210 1105 1296 μέρος

468 1328 524 1407 τῆς
545 1327 604 1406 σῆς
623 1323 762 1410 πορείας,
783 1323 954 1409 Βόσπορος
974 1324 1003 1385 δ’
1011 1320 1177 1404 ἐπώνυμος

468 1433 657 1518 κεκλήσεται.
679 1435 819 1499 λιπσῦσα
839 1427 1029 1516 altinonam
1049 1434 1145 1497 πέδον

297 1580 301 1588 ·
372 1547 446 1616 735.
469 1537 597 1629 ἤπειρον
617 1539 700 1627 ἥξεις
716 1543 851 1613 Ἀσιάδ’.

365 1639 483 1736 Quibus
506 1660 537 1722 in
553 1657 747 1741 explicandis
762 1659 867 1723 uerbis
887 1661 925 1724 ab
949 1661 1062 1723 ultimis
1083 1660 1275 1743 prolieisear,
1298 1678 1400 1743 quon·

262 1772 325 1835 iem
351 1771 429 1835 haee
456 1776 574 1834 eertum
609 1770 826 1850 disputationis
858 1769 1088 1835 tundamentum
1116 1772 1207 1839 nobis
1235 1773 1396 1852 praebent.

263 1881 311 1945 lix
345 1882 487 1946 uersibus
514 1881 607 1964 igitur
636 1878 807 1946 tto-735
829 1879 968 1945 uidemus
1004 1882 1176 1965 Bosporum
1204 1882 1398 1948 cimmerium

263 2011 301 2056 os
321 1993 441 2073 paludis
471 1991 636 2056 Maeotidis
665 1990 822 2074 Aeschylo
845 1992 905 2056 iam
934 1999 1041 2057 notum
1061 1993 1160 2057 luisse
1182 2001 1275 2075 atque
1295 1995 1334 2058 alr
1355 2012 1396 2059 eo

262 2106 426 2167 terminum
447 2104 529 2167 inter
544 2103 648 2169 Asiam
672 2109 703 2165 et
720 2102 874 2184 Europam
898 2119 970 2167 asse
992 2104 1137 2168 habitum.
1182 2104 1257 2168 Nem
1280 2105 1307 2168 si
1329 2107 1398 2188 quis

263 2212 321 2279 lsos
343 2230 454 2277 uersus
488 2213 546 2276 alia
576 2214 724 2294 opinione
753 2230 817 2276 non
844 2222 1090 2294 praeoccupatus
1119 2216 1274 2297 perlegit,
1306 2217 1399 2279 aliter

262 2342 320 2389 eos
341 2326 484 2406 aeeipere
506 2325 624 2406 nequit,
647 2324 762 2400 nisint
783 2323 888 2403 lenem
910 2324 941 2385 in
964 2325 1011 2387 eis
1034 2324 1094 2387 diei
1117 2330 1233 2388 statuat
1253 2342 1293 2389 eo
1316 2333 1396 2388 tem·

263 2452 352 2515 pore,
374 2452 438 2517 quo
458 2434 632 2517 Bosporum
651 2434 845 2498 Cimmerium
868 2435 1118 2513 transnatarent,
1140 2428 1266 2518 Europa
1286 2435 1399 2500 relieta

264 2547 371 2611 Αιίοιο
393 2547 576 2610 intraturam
595 2563 677 2612 essa.
721 2546 784 2610 lam
806 2562 884 2612 uero
907 2563 975 2609 cum
1006 2545 1044 2613 ad
1068 2545 1239 2611 Caucasum
1260 2545 1397 2611 Amano·

177 2692 181 2697 ·
265 2673 383 2738 nasqne
405 2657 503 2736 prius,
523 2673 615 2736 quam
637 2656 675 2717 ed
699 2655 871 2735 Bosporum
894 2656 998 2718 ueniat
1019 2651 1133 2738 [732],
1164 2632 1324 2737 sequitur,
1359 2664 1395 2720 ut

263 2765 439 2848 Aeschylos
466 2765 624 2846 putauerit
652 2771 685 2828 et
713 2763 888 2829 Amazonas
916 2770 948 2828 et
976 2764 1111 2830 colchos
1119 2765 1146 2844 ⁸)
1168 2771 1199 2829 et
1221 2766 1394 2831 caucasum

264 2884 420 2961 -atque
447 2877 532 2941 huno
561 2876 684 2959 quidem
714 2877 767 2941 uel
797 2878 873 2940 eitra
900 2877 951 2941 uel
979 2894 1073 2958 supra
1095 2878 1240 2942 Maeotim
1251 2881 1284 2953 ⁴)
1297 2909 1340 2926 —-
1362 2885 1394 2942 et

371 3117 402 3186 l)
418 3116 515 3169 Vooem
524 3111 738 3185 Σαλμυδησσία
755 3131 789 3168 ex
806 3114 868 3170 ialss
877 3116 1085 3184 interpretatione
1099 3123 1180 3170 ortam
1190 3123 1267 3185 atque
1276 3121 1398 3185 τραχεῖα

260 3211 371 3267 πόντον
389 3209 554 3280 ἁλμυροῦ
572 3194 697 3261 κεῖται
716 3196 976 3278 γναθοςόιιιιίοιλο
991 3209 1084 3279 aliquit
1101 3209 1234 3278 legendum
1252 3223 1310 3275 esse
1325 3217 1397 3275 puto.

260 3306 312 3361 Sed
334 3322 391 3360 eum
411 3305 476 3359 haee
492 3318 535 3357 res
557 3302 589 3355 erl
613 3308 724 3361 nostram
743 3303 916 3370 quaesuomn
933 3318 987 3356 non
1001 3304 1139 3371 pertineat,
1156 3304 1299 3359 accuratius
1316 3302 1349 3356 sle
1365 3319 1397 3356 er

259 3416 326 3453 nnnc
342 3414 396 3453 nou
412 3414 495 3468 agam
1228 3400 1231 3409 ‘

367 3491 398 3561 2)
412 3491 468 3549 llas
489 3506 556 3546 roes
578 3506 631 3545 non
653 3491 769 3544 mtlmum
791 3491 857 3563 inter
881 3490 1032 3546 Carcinitam
1058 3492 1140 3545 sinum
1165 3500 1241 3561 atque
1263 3490 1390 3555 naman,

258 3588 330 3658 qnorl
354 3586 511 3641 Hermonem
533 3587 632 3651 statuit,
655 3585 702 3639 sed
724 3594 855 3656 angustam
872 3585 937 3665 illam
956 3585 1079 3639 Tauricae
1102 3584 1268 3654 paeninsulae
1290 3595 1396 3654 partem,

259 3697 326 3752 quae
351 3680 469 3748 Bosporo
493 3679 628 3734 cimmerio
649 3679 681 3734 aa
703 3681 764 3735 Asia
785 3681 945 3750 tlisiuopltnr,
969 3681 1105 3750 significari
1127 3696 1184 3734 enm
1210 3682 1390 3735 sententiarum

259 3793 344 3832 nexus
364 3787 417 3831 tom
435 3775 514 3830 uerba
531 3775 575 3826 ἐπ’
592 3774 696 3832 museto
714 3774 905 3843 στενοπόροις
922 3776 1027 3846 λίμνης
1044 3774 1151 3834 πόλιας
1168 3776 1312 3830 ostendunt.

365 3869 400 3939 3)
420 3871 477 3926 vio.
495 3867 605 3926 un.415
623 3877 649 3922 et
665 3867 725 3934 423,
743 3868 891 3938 quomam
908 3869 1007 3934 toules,
1023 3885 1089 3939 qnae
1106 3883 1149 3937 pp.
1170 3867 1270 3941 tta-m
1288 3868 1350 3923 dixi.

364 3967 396 4035 4)
413 3964 494 4029 Quam
515 3979 570 4018 reso
587 3961 774 4033 complerique
792 3963 865 4032 plssm
888 3962 1072 4018 intolerabilem
1086 3960 1217 4027 dederont,
1232 3961 1393 4029 wolckerus,

262 4057 428 4127 Remum,
439 4060 594 4125 Sohaemus,
609 4058 763 4124 Klsuseniua
775 4057 931 4114 tosleiam·
947 4058 1116 4115 difficultatem
1129 4058 1333 4112 artificiosissima
1348 4060 1392 4110 in·

259 4154 418 4225 terpretanrli
432 4144 531 4209 ratione
541 4153 632 4215 tollam
649 4153 812 4207 stodoemntt
831 4169 938 4223 morum
956 4154 1093 4208 ιοιιιοοιὶιι
1110 4152 1252 4223 singillatim
1268 4166 1337 4204 nune
1353 4168 1395 4207 rae

261 4246 382 4316 persequi
396 4263 464 4315 opos
480 4265 534 4303 non
551 4258 598 4315 est,
616 4249 734 4319 quonism
751 4250 777 4301 in
794 4248 954 4319 praelatione
972 4249 1005 4302 tle
1020 4262 1171 4317 monsque
1183 4245 1232 4314 egi
1267 4231 1319 4299 Alit
1330 4262 1393 4300 nero

261 4341 359 4412 anagnis
376 4342 579 4399 mutatos
597 4344 724 4414 Amehylo
748 4343 945 4399 sessonensium
953 4359 1019 4399 esse
1039 4349 1201 4413 putauerunt,
1216 4356 1292 4410 qoam
1309 4349 1392 4394 mmsn
