3116 5200
618 409 828 478 ..pp-

62 638 66 651 .
162 591 298 655 Araxem
325 592 357 650 et
379 585 529 683 Chalybes
553 589 585 646 et
607 583 736 665 Scythas
758 583 914 660 Nomadas
937 600 999 647 non
1022 583 1052 644 iu
1075 583 1161 659 Asia,
1185 582 1296 646 sedin

161 701 285 781 Europa
313 699 392 763 sitos
422 714 494 760 esse
523 699 616 776 utque
641 695 840 757 Prometheus
873 695 904 756 in
935 693 1057 775 Europa
1090 694 1212 792 uinctus
1245 696 1294 757 sit.

161 976 230 1027 uiam
257 972 331 1037 paldo
354 971 474 1024 luhricem
499 985 557 1023 esse
574 971 634 1023 item
651 968 677 1020 in
694 969 852 1036 praefatione
870 970 1048 1025 demonstrant.
1083 970 1133 1024 Sed
1150 969 1212 1023 alies
1229 987 1297 1039 qno·
1324 1027 1326 1033 ,

165 1085 215 1138 que
238 1068 406 1121 dubitationes
434 1082 522 1119 eorum
547 1063 711 1117 coniecturae
732 1072 845 1117 ‘mouent
886 1062 948 1116 Nam
970 1066 1038 1134 quod
1062 1065 1180 1133 hleyerus
1203 1081 1293 1135 magua

162 1178 219 1215 cum
238 1162 388 1216 confidentia
406 1161 540 1230 proposuit
558 1157 596 1229 [p.
619 1150 770 1228 lli]'uersus
788 1158 924 1214 uto-⁷31
946 1162 1058 1241 ἰιιθμὸν
1070 1190 1103 1201 -
1117 1158 1297 1213 Μαιωτικόν

164 1267 223 1310 ante
244 1273 345 1311 uersum
369 1258 420 1313 rto
443 1258 529 1313 λαιᾶς
551 1254 584 1308 dl
606 1253 706 1325 χειρός
734 1269 792 1307 esse
809 1255 955 1320 ponendos,
972 1254 1048 1322 plane
1064 1255 1232 1324 respuendum
1249 1264 1296 1309 est.

166 1351 266 1405 Etenim
277 1361 305 1405 ut
322 1352 420 1405 minora
437 1359 584 1420 argumenta
601 1349 701 1404 silentio
719 1350 924 1417 praetermittam,
942 1349 1098 1403 hacretione
1114 1366 1153 1415 ea,
1171 1366 1236 1419 quse
1254 1367 1298 1403 ar-

163 1448 275 1502 ctissimo
300 1455 327 1501 et
350 1447 489 1501 mnmtiee
509 1455 536 1499 et
552 1446 747 1501 constructionis
769 1443 871 1519 uinculo
889 1444 1023 1498 mnioucts
1041 1454 1100 1497 suut
1119 1443 1245 1515 [leupus
1261 1471 1296 1485 -

164 1539 361 1611 areleffusaosJ,
386 1520 530 1610 quindecim
556 1541 671 1593 uersibus
689 1541 871 1608 disiunguntur,
889 1541 923 1592 ita
941 1547 969 1591 ut
986 1555 1019 1591 ue
1036 1540 1177 1591 subiectum
1193 1540 1295 1609 quidem

163 1634 196 1686 ed
213 1633 291 1687 uerba
317 1633 472 1703 Βόσπορος
492 1633 675 1705 ιΓέιιώνυμος
703 1634 870 1698 κεκλήσεται
894 1635 966 1688 adsit.
1003 1635 1096 1703 Reisigi
1117 1648 1180 1686 uero
1205 1636 1297 1688 conie-

164 1737 235 1781 ctura
251 1720 391 1783 abllochio
407 1728 580 1797 comprobata,
597 1745 671 1798 quam
681 1726 806 1796 lieycrns‚
826 1728 873 1781 etsi
889 1728 966 1782 multo
979 1729 1148 1795 praestantior
1166 1737 1205 1781 est
1221 1744 1296 1798 quarn

165 1824 313 1878 coniectura
335 1825 367 1877 ah
389 1825 446 1892 ipso
470 1825 613 1892 proposita,
637 1838 734 1876 summo
760 1838 818 1876 cum
842 1832 988 1893 contemptu
1013 1832 1295 1892 commemoratumque

162 1918 316 1972 refutatione
333 1919 432 1987 dignam
449 1917 633 1986 hahet'primo
651 1919 740 1971 obtutu
758 1934 819 1971 saue
842 1935 957 1987 magnam
982 1917 1165 1984 probabilitatis
1182 1920 1296 1984 speciem

163 2027 228 2079 pm
249 2027 280 2066 Ιθ
296 2013 354 2067 feri.
388 2011 432 2065 llic
453 2013 519 2063 enim
543 2026 633 2064 uersus
657 2011 796 2066 tlt-⁷28
822 2011 896 2074 ἥξεις
920 2010 1086 2078 δ’ύβριστιίν
1109 2013 1245 2079 murmuris*
1264 2041 1294 2051 -

165 2110 226 2158 xci·
242 2106 463 2177 prslt‘rlopafroc
486 2107 512 2158 ia
535 2105 649 2158 lacunam
670 2104 751 2169 illam,
776 2121 850 2175 quam
874 2114 933 2172 post
950 2120 1050 2157 uersu·
1069 2103 1119 2157 791
1138 2106 1295 2159 statuendam

162 2216 221 2255 esse
245 2197 333 2255 omnes
358 2200 470 2255 editores
496 2215 547 2253 uuo
573 2215 699 2263 consensu
728 2209 848 2264 censent,
872 2202 1042 2268 transposuit
1083 2199 1139 2267 Quo
1165 2202 1250 2275 modo,
1268 2203 1297 2256 lo

146 2312 240 2361 sanc,
264 2296 298 2348 ita
324 2296 354 2347 ur
375 2309 416 2346 res
440 2293 582 2359 sehabet,
610 2304 730 2361 superata
758 2292 860 2347 demum'
875 2295 993 2362 Bosporo
1012 2295 1147 2349 (Anemurio
1171 2295 1202 2347 ad
1225 2296 1299 2350 Cau-

165 2403 250 2459 casum
268 2397 294 2441 et
311 2389 453 2442 Amazonas
470 2390 496 2441 in
508 2389 630 2443 Colchide
647 2389 788 2442 habitantes
803 2391 926 2457 peruenit.
954 2390 1072 2443 Attamen
1087 2405 1121 2441 ue
1138 2390 1186 2442 hac
1196 2391 1300 2459 quidem

165 2470 303 2536 mutatione
326 2483 417 2536 lucana
446 2483 486 2535 illa
511 2491 570 2551 post
592 2499 692 2535 uersum
715 2483 764 2537 791
792 2482 914 2550 expletur,
937 2484 1028 2536 deinde
1052 2500 1115 2536 uero
1143 2499 1194 2536 non
1215 2483 1300 2537 solum

166 2578 248 2632 omnis
264 2577 436 2632 diuerbiorum
446 2579 589 2646 responsio,
608 2578 640 2630 de
658 2593 707 2647 qua
724 2593 799 2644 supra
818 2578 922 2647 egimus,
940 2576 1043 2641 tollitur,
1061 2579 1107 2631 sed
1125 2580 1202 2631 etiem
1217 2578 1299 2631 altera

165 2674 347 2741 praedictionis
364 2689 423 2741 pars
440 2673 514 2725 nimis
532 2673 626 2738 hreuis,
645 2672 722 2726 alters
737 2674 811 2725 nimis
828 2672 904 2742 longa
921 2673 976 2725 deri
994 2673 1108 2737 uidetur,
1131 2689 1196 2743 quae
1213 2673 1300 2727 omnis

166 2769 338 2823 comisatorem
344 2769 511 2823 incertiorem
521 2768 636 2821 reddunt.
658 2767 708 2820 Sed
719 2783 807 2821 omnes
820 2767 864 2820 has
875 2768 1008 2837 opiniones
1019 2769 1096 2825 modo
1106 2785 1120 2821 a
1129 2785 1171 2823 ms
1184 2784 1299 2822 mmmc-

167 2870 277 2919 moratas
296 2863 427 2930 cumipse
445 2861 573 2929 Aeschylo
591 2877 704 2929 pugnare
721 2862 786 2914 infra
801 2877 842 2917 me
859 2878 937 2929 spero
954 2864 1180 2916 demonstraturum
1198 2878 1265 2919 esse.
1284 2926 1288 2935 .

270 2956 319 3010 Sed
336 2972 369 3009 ne
386 2955 520 3008 Bermanni
538 2955 639 3024 quidem
656 2955 813 3019 seutentiam,
832 2956 919 3025 quiin
937 2972 970 3008 eo
987 2971 1017 3008 se
1034 2957 1166 3021 continuit,
1184 2965 1213 3009 ut
1229 2956 1298 3011 Cau-

167 3065 252 3102 casum
270 3067 285 3101 a
303 3059 379 3118 poeta
389 3049 489 3119 longius
507 3050 538 3102 ad
556 3049 754 3116 septentrionem
771 3059 894 3103 remotum
907 3065 964 3104 esse
983 3059 1105 3104 statueret
1122 3048 1186 3120 [uid.
1197 3052 1254 3104 adn
1266 3053 1298 3105 ud

168 3143 288 3213 Aeschyl.
305 3144 335 3200 ll.
354 3161 380 3213 p·
397 3143 479 3215 15⁷.],
496 3143 582 3215 perbis
599 3134 720 3211 Aeschyli
736 3146 806 3197 omni
824 3161 856 3198 ex
873 3155 945 3213 parte
960 3146 1109 3199 satisfacere
1126 3155 1197 3214 puto.
1235 3146 1298 3200 llam

167 3254 220 3292 non
246 3240 323 3292 modo
341 3254 430 3292 caussa
446 3255 498 3292 uon
516 3248 563 3303 est,
581 3254 628 3291 cur
644 3239 681 3302 Io,
699 3239 722 3292 si
738 3240 765 3291 in
782 3240 895 3293 Asiatica
912 3240 1044 3294 llaeotidis
1061 3256 1106 3293 ora
1124 3242 1174 3293 ism
1190 3240 1248 3306 fuit,
1266 3241 1298 3294 ed
1377 3230 1380 3243 ’

167 3333 309 3400 Bosporum
321 3333 479 3388 Cimmerium
496 3334 584 3387 redeat
600 3338 685 3402 neque
702 3335 789 3387 eedem
807 3335 848 3387 uie
866 3345 963 3404 pergat,
981 3351 1069 3389 uerum
1084 3337 1167 3401 etiam,
1185 3338 1208 3389 si
1218 3337 1299 3403 Ama-

167 3443 257 3480 zonum
284 3428 358 3482 sedes
381 3444 397 3481 a
421 3427 535 3482 Cenoma
562 3429 589 3478 in
611 3428 740 3480 meridiem
764 3437 907 3496 spectantes
934 3431 1000 3483 inter
1026 3431 1104 3483 maria
1126 3431 1243 3498 Caspium
1273 3440 1301 3485 et

165 3521 317 3575 llaeoticnm
333 3524 458 3587 iacerent,
480 3522 509 3575 lo
531 3521 590 3574 inde
607 3524 634 3574 in
654 3514 784 3574 fanneam
807 3523 977 3589 paeninsulam
1001 3525 1089 3577 uenire
1114 3541 1167 3578 uon
1189 3534 1299 3594 poterat,

169 3618 219 3670 nisi
242 3626 340 3670 montes
361 3618 451 3670 iterum
471 3618 699 3686 transgrederetur.
737 3618 824 3686 ltaque
842 3633 899 3670 curn
916 3626 1033 3671 neutmru
1054 3636 1070 3673 a
1088 3620 1240 3675 Prometheo
1257 3621 1300 3674 df·

167 3720 236 3764 ctum
253 3712 295 3778 sit,
305 3712 474 3766 confitendum
491 3707 530 3766 est
538 3700 681 3766 Caucasum
696 3713 728 3765 de
739 3711 860 3781 Aeschyli
876 3714 1001 3769 sententia
1017 3723 1060 3767 aut
1077 3731 1154 3783 supra
1171 3723 1215 3768 aut
1236 3715 1299 3768 citra

166 3805 288 3861 llaeotirn
306 3809 404 3861 iecere.¹

233 3906 236 3910 ’
270 3903 394 3956 Schirlitsi
411 3911 493 3956 autem
512 3903 644 3965 sententia,
664 3903 718 3972 qui,
736 3902 804 3972 qued
823 3918 855 3957 ex
872 3902 954 3955 tabula
980 3902 1065 3972 colligi
1088 3911 1172 3969 potest
1192 3929 1222 3943 ·-
1241 3920 1299 3959 nam

167 4013 253 4068 oeque
271 3998 348 4050 certis
364 3998 518 4065 argumentis
540 3995 715 4062 comprohauit
739 4012 823 4066 neque
844 3997 946 4050 omnino
969 3998 1063 4066 apertis
1081 3997 1167 4050 uerbis
1184 3998 1247 4051 dixit
1266 4030 1297 4041 -

170 4092 311 4147 Caucasum
334 4091 366 4144 ad
382 4090 548 4159 Borysthenis
571 4093 653 4159 ripam
670 4092 768 4158 posuit,
793 4092 874 4155 iacet,
898 4093 920 4144 si
945 4109 1005 4146 uera
1025 4100 1097 4154 suut,
1116 4108 1181 4161 quae
1199 4109 1248 4164 ego
1267 4097 1300 4150 de

168 4188 260 4241 Araxis
278 4187 339 4239 huui
356 4202 432 4239 cursu
449 4186 533 4255 deque
549 4201 641 4239 emeca
658 4187 684 4238 in
702 4185 798 4240 Oceani
815 4186 890 4240 litore
908 4187 1025 4255 ponenda
1043 4187 1176 4255 disputm
1202 4189 1299 4260 licque,

169 4281 272 4336 utillud
291 4282 373 4335 statim
398 4280 501 4347 addam,
525 4281 692 4334 Athenienses
717 4280 788 4333 credi
810 4290 917 4348 possunt
941 4281 984 4334 illo
1007 4290 1132 4351 tempore,
1157 4299 1209 4352 quo
1227 4284 1300 4339 Olbia

169 4379 219 4430 iam
236 4377 329 4431 dudum
347 4376 463 4443 dorent,
480 4378 613 4446 ignorssse
629 4374 712 4430 nullos
730 4375 762 4429 sd
779 4374 944 4443 Borysthenis
961 4379 1042 4447 ripsm
1059 4392 1118 4431 esse
1134 4386 1242 4432 montes.
