3116 5200
662 393 851 457 ,9-

192 525 279 662 (tuae
306 565 407 627 omnia
429 563 502 627 inde
524 518 596 642 puto
620 566 698 624 esse‘
713 570 793 642 orta,
817 563 922 645 quod,
937 562 1026 666 unde
1039 581 1165 627 errores
1176 549 1324 646 Aeschyli

191 674 364 754 fluxissent,
387 691 449 736 non
471 673 633 756 quaesiuit.
676 673 783 755 Neque
804 673 903 737 minus
926 674 984 748 hac
1003 690 1040 738 re
1056 674 1245 754 explicatur,
1267 693 1323 755 cur

19 822 20 825 =
126 861 127 864 Ἴ
192 786 245 850 uel
267 785 305 850 de
328 783 695 866 eis,.quaellerrnannus
717 790 804 848 recte
824 784 1004 867 disputauit,
1028 785 1088 848 uiri
1110 783 1195 848 docti
1216 791 1323 848 tanto·

192 914 268 979 parc
290 895 510 960 duhitauerint.
554 892 658 976 Atque
674 894 762 973 haec,
785 912 863 976 quae
886 896 978 961 modo
994 896 1034 958 de
1050 896 1224 960 Hermanno
1248 896 1323 975 dixi,

193 1009 292 1091 magis
315 1006 456 1073 minusue
477 1005 510 1068 in
524 1010 658 1069 ceteros
677 1013 801 1087 quoque
818 1004 943 1085 cadunt,
966 1007 1019 1087 qui
1038 1004 1167 1069 eandem
1191 1008 1260 1070 ueri
1274 1007 1324 1069 in-

191 1117 334 1199 quirendi
354 1117 436 1183 uiam
462 1116 599 1199 ingressi
619 1122 702 1181 sunt.
747 1117 831 1180 luter
860 1133 939 1197 quos
970 1116 1042 1180 mihi
1074 1117 1189 1198 primus
1207 1117 1323 1181 ,incoh-

108 1259 114 1267 ·
189 1225 291 1309 sius¹)
323 1225 530 1291 nominandus
553 1231 617 1305 est,
648 1243 712 1289 non
749 1225 832 1307 quod
865 1226 958 1288 multa
992 1243 1120 1306 eorum,
1165 1244 1245 1308 quae
1282 1228 1323 1290 ad

191 1345 329 1403 nostram
361 1337 576 1420 quaestionem
607 1334 782 1417 pertinent,
816 1336 1044 1419 collegerit-
1073 1355 1143 1399 nam
1174 1337 1323 1422 Aeschyli

193 1454 311 1513 tantum
333 1448 518 1512 seutentiam
541 1448 735 1528 perbreuiter
756 1447 848 1511 nullis
865 1448 1053 1530 argumentis
1070 1447 1182 1525 allatis,
1205 1449 1320 1529 optimo

189 1567 290 1624 autem
312 1559 428 1623 iudicio
457 1558 623 1638 descripsit
650 1592 694 1606 -
716 1557 772 1620 sed
803 1557 887 1639 quod
908 1575 989 1620 unus
1003 1556 1027 1639 ⁸)
1057 1565 1123 1636 est,
1153 1559 1205 1639 qui
1234 1558 1320 1623 Gau-

190 1689 296 1737 casum
334 1669 455 1752 putauit
491 1687 585 1749 supra
614 1667 760 1732 Maeotim
798 1669 836 1731 ab
866 1666 1023 1751 Aeschylo
1063 1670 1197 1750 positum
1238 1687 1322 1749 esse,

189 1782 222 1846 id
253 1779 335 1863 quod
370 1799 420 1844 uae
449 1781 543 1843 certis
576 1781 770 1864 argumentis
800 1797 893 1859 spero
927 1780 1008 1842 inira
1048 1797 1118 1842 esse
1154 1780 1320 1843 confirma-

61 1968 64 1975 ι
189 1900 299 1958 turum.
361 1893 587 1970 Schirlituiusi)
622 1891 757 1970 deinde,
789 1892 842 1971 qui
871 1892 944 1953 item
973 1891 1012 1953 de
1042 1896 1107 1954 tota
1137 1893 1321 1972 quaestione

188 2005 296 2085 paucis
335 2004 494 2086 disputat,
544 2003 661 2066 maiore
703 2019 744 2063 ex
790 2006 877 2082 parte
923 2001 1090 2064 llermanni
1134 2001 1319 2065 sententiam

190 2121 319 2185 secutus
339 2120 386 2178 est
410 2112 576 2194 tabulaque
603 2114 687 2194 picta
709 2111 886 2176 illustrauit.
923 2103 1163 2177 ⁴Schoemannus
1173 2110 1198 2194 ⁴)
1230 2113 1322 2176 deni·

190 2243 275 2306 que,
309 2225 399 2288 cuius
436 2241 561 2304 paruam
595 2223 728 2304 quidem,
757 2220 813 2285 sed
846 2223 1007 2306 egregiam
1031 2224 1322 2289 commentationem

75 2374 77 2378 v
143 2385 147 2394 .
193 2354 309 2400 summa
333 2354 403 2399 cum
424 2334 579 2415 uoluptate
599 2334 734 2415 perlegi,
755 2334 886 2396 maxime
906 2333 1031 2415 quidem
1060 2333 1234 2398 laudandus
1262 2341 1323 2414 est,
1377 2426 1381 2433 ι

158 2433 161 2442 ’
190 2444 273 2528 quod
293 2448 362 2527 ipso
378 2444 538 2525 Aeschylo
562 2432 644 2505 duce
667 2460 788 2505 omnem
811 2443 1047 2524 disputationem
1065 2446 1245 2527 explicauit,
1263 2446 1321 2509 sed

153 2600 157 2607 -
192 2575 261 2621 cum
285 2556 415 2620 aliorum
443 2555 626 2635 scriptorum
655 2554 828 2617 testimonia
859 2571 1029 2635 uerumque
1061 2539 1213 2619 locorum¹
1228 2557 1321 2621 situm

190 2685 340 2751 nusquam
352 2667 419 2730 iere
437 2667 620 2747 respiceret,
636 2665 753 2746 pariter
766 2671 858 2746 atque
870 2664 1063 2730 hermannus
1074 2684 1138 2729 non
1151 2667 1243 2731 modo
1254 2686 1321 2735 ma·

187 2786 266 2862 gnus
282 2777 321 2840 de
332 2778 486 2841 sententia
497 2793 556 2839 sua
577 2774 787 2838 dubitationes
802 2776 940 2857 reliquit,
962 2776 1019 2839 sed
1033 2777 1123 2842 etiam
1136 2778 1202 2858 ipse
1217 2778 1319 2843 mullis

189 2891 221 2952 in
248 2890 342 2955 rebus
364 2890 501 2963 incertus
524 2894 583 2949 est.
627 2883 715 2960 Quod
741 2890 780 2946 ut
801 2902 864 2948 uno
895 2886 1035 2965 exemplo
1066 2885 1247 2966 ostendam,
1274 2888 1317 2961 de
1375 2958 1385 2979 x

189 3002 329 3065 Caucaso
351 3019 379 3082 p.
403 2997 466 3062 319
488 2997 566 3060 haec
588 2996 675 3061 dicit:
698 2995 830 3059 Freilich
853 2997 929 3058 aher
949 2996 1053 3061 stellte
1076 3016 1111 3062 er
1133 2998 1202 3062 sich
1224 2998 1317 3063 dahei

186 3112 250 3195 den
291 3110 450 3174 Caucasus
494 3108 680 3173 schwcrlich
714 3107 752 3170 in·
792 3108 898 3171 seiner
933 3109 1018 3191 lage
1049 3109 1208 3174 uwisohen
1235 3107 1320 3174 'dem

49 3273 73 3286 ,.
188 3223 372 3289 schwaruen
402 3219 466 3284 und
493 3218 679 3301 hospischen
700 3217 803 3298 Mser,
834 3219 972 3283 sondern
1001 3219 1196 3284 nordwaerts
1223 3221 1321 3285 ueher

202 3352 291 3398 enam
313 3351 380 3398 vor.

184 3355 198 3417 J
292 3447 354 3509 lam
385 3454 463 3507 uero
494 3459 574 3507 unus
597 3439 830 3522 Bellmannusi)
858 3440 994 3505 relicuus
1017 3447 1080 3522 est,
1103 3460 1194 3525 quem
1212 3441 1319 3507 ultimo

295 3646 371 3718 1)'1n
389 3649 477 3704 lluseo
493 3650 579 3702 Attico
596 3649 638 3714 111,
656 3663 683 3716 p.
704 3646 757 3703 352
773 3656 850 3716 atque
867 3648 893 3700 iu
909 3647 1004 3700 diurnis
1026 3646 1075 3705 litt.
1093 3601 1190 3701 leucus.
1208 3664 1232 3700 a.
1254 3612 1320 3701 laos

187 3757 214 3794 n.
235 3736 292 3792 113.

294 3830 325 3902 2)
342 3831 403 3885 llam
423 3831 621 3895 §chuonradum
640 3830 684 3898 qui
699 3828 766 3881 idem
784 3807 880 3894 causet,
898 3843 946 3896 pro
964 3836 1036 3881 certo
1052 3835 1136 3881 umen
1152 3827 1178 3879 id
1194 3826 1320 3883 affirmare

187 3935 240 3974 noa
257 3919 340 3974 audet.
415 3966 419 3977 Χ

291 4012 321 4080 3)
338 4012 366 4064 lu
382 4011 555 4066 rudimentis
573 4011 604 4064 ad
622 4009 798 4079 compendium
814 4009 1020 4080 geographicarn.

290 4108 320 4177 4)
338 4106 458 4175 Aeschyh
474 4107 603 4161 Prometh
621 4121 649 4174 p.
668 4105 814 4163 aro-322

291 4201 322 4271 5]
339 4202 368 4256 lu
385 4202 450 4257 lihro
466 4186 501 4258 dc
517 4206 638 4269 Aacctpu‘
652 4205 772 4257 emmone
785 4205 939 4256 Prometheo
959 4195 1082 4265 iuscdptd
1103 4195 1136 4250 'et
1152 4195 1316 4249 thislauiae

188 4304 213 4347 a.
232 4288 300 4347 1839
318 4291 387 4345 edito
404 4290 464 4345 inde
483 4304 542 4359 ap.
561 4288 706 4358 ssa-150,
724 4304 800 4360 quem
817 4286 934 4356 lleyerus
959 4299 1012 4339 uun
1028 4283 1115 4354 inique
1131 4290 1317 4339 mensunusum

186 4378 306 4434 nominat.
316 4393 319 4400 ’
