3116 5200
616 392 807 461 ..3-

148 564 324 635 difficillime
348 563 531 646 quaestione
554 562 668 644 aliquid
690 563 728 627 ad
752 581 860 627 uerum
873 560 1112 646 intellegendum
1132 560 1276 643 attulero,

148 679 249 745 eleern
270 694 460 758 operamque
483 693 544 740 non
568 674 742 755 perdidisse
760 674 833 741 mihi
856 670 994 741 uidebor.

250 788 393 853 Attamen
421 805 462 849 ne
490 787 577 851 nimis
608 787 702 867 longa
732 786 947 851 commentatio
975 786 1044 864 liat,
1078 803 1140 868 ego
1161 790 1278 865 pariter

149 917 187 965 ao
212 899 360 983 tteycrus
383 900 414 961 iu
436 917 471 963 ea
493 898 677 979 quaestione
699 915 748 959 me
770 897 949 975 continebo,
973 916 1035 979 quo
1055 899 1089 960 iu
1112 900 1183 961 loco
1197 899 1279 961 Pro·

151 1011 290 1075 melleus
311 1011 399 1091 opud
411 1009 600 1091 Aeschylum
620 1010 748 1072 edoctos
767 1012 821 1084 sit,
846 1016 938 1089 atque
961 1009 1000 1070 de
1015 1010 1187 1084 sententiis,
1203 1028 1279 1090 quas

151 1121 326 1203 Aeschylus
356 1119 395 1183 de
426 1122 503 1185 orbe
530 1128 682 1187 terrerum
705 1120 864 1197 hahuerit,
889 1118 991 1201 deque
1013 1121 1175 1183 erroribus
1199 1123 1279 1186 lonis

153 1238 282 1299 eatenus
304 1231 477 1313 disputabo,
501 1238 652 1311 quatenus
675 1230 810 1293 adhunc
832 1232 1044 1311 quaestionem
1055 1230 1281 1293 diiudicandum

151 1343 363 1409 necesserium
385 1343 458 1409 erit:
488 1341 525 1407 de
549 1343 725 1422 posteriore
753 1348 854 1404 autem
879 1359 1021 1405 errorum
1042 1348 1140 1422 parte,
1161 1343 1200 1405 de
1222 1361 1282 1425 que

153 1458 281 1534 propter
309 1470 450 1535 maguam
474 1453 555 1519 illam
584 1454 724 1516 lacunsm
753 1459 825 1533 post
850 1469 975 1516 uersum
998 1453 1061 1517 792
1082 1453 1220 1533 aliasque
1241 1454 1281 1518 oh

153 1581 280 1633 caussae
302 1561 446 1629 iudicium
470 1562 676 1629 difficillimum
704 1569 768 1641 cst,
798 1582 895 1627 meam
918 1565 1095 1646 opinionem
1124 1565 1155 1627 in
1177 1564 1283 1628 tabula

153 1675 226 1739 huic
249 1675 497 1741 commentationi
521 1674 641 1741 adiecta
663 1674 815 1738 indicabo.

254 1786 332 1849 Cum
362 1802 439 1847 uero
469 1786 527 1847 uiri
558 1783 641 1849 docti
664 1784 783 1849 idcirco
808 1772 972 1869 tantopere
996 1788 1075 1849 inter
1097 1805 1132 1849 se
1154 1787 1283 1851 dissen-

153 1902 240 1971 tiant,
262 1895 347 1979 quod
364 1896 491 1963 diuersa
513 1905 579 1963 arte
598 1915 635 1963 ao
658 1898 780 1962 ratione
797 1915 905 1961 uerum
926 1900 1070 1979 reperire
1085 1899 1283 1976 studuerunt,

156 2009 310 2090 equidem,
331 2010 509 2087 priusquam
532 2007 571 2070 ad
594 2016 658 2071 rem
675 2009 771 2088 ipsam
787 2016 925 2085 transeo,
947 2015 982 2070 ut
999 2008 1073 2070 mihi
1095 2008 1152 2088 ipsi
1172 2007 1284 2090 dispu-

158 2121 244 2191 tsadl
267 2121 349 2185 uiam
372 2118 516 2196 cluniam,
533 2118 640 2198 paucis
656 2116 782 2195 uidebo,
798 2135 858 2197 qua
880 2120 1055 2197 rationem,
1078 2120 1130 2199 qni
1151 2127 1224 2183 ante
1235 2136 1286 2181 me

155 2232 215 2299 hec
236 2228 275 2293 de
296 2247 334 2293 re
355 2227 593 2308 scripserunt1),
615 2229 837 2309 processerint.

256 2341 398 2421 Plerique
421 2341 616 2403 inmemores
632 2356 752 2418 eorum,
775 2356 854 2420 quae
864 2337 1111 2422 Agatharchides
1121 2338 1145 2421 ¹)
1168 2346 1285 2416 monet,

157 2446 224 2516 οὐδ’
258 2446 426 2530 Αἰσχύλον
460 2447 639 2531 ἐπιπλὴπω
674 2453 805 2520 πολλοῖς
839 2448 1065 2528 διεψευσμένον
1099 2447 1154 2510 καὶ
1181 2449 1287 2510 πολλὰ

157 2555 378 2642 συγγράφοντα
403 2560 465 2622 τῶν
493 2554 742 2640 scemmenstete,
768 2576 879 2623 uerum
908 2559 1046 2624 locorum
1075 2559 1167 2621 situm
1187 2559 1286 2621 omnis

156 2670 371 2752 disputationis
394 2669 502 2737 ducem
523 2670 584 2735 sihi
604 2675 814 2752 sumpserunt,
836 2673 880 2734 ita
902 2677 936 2732 ut
959 2688 1007 2748 ea,
1027 2687 1107 2750 quae
1140 2688 1209 2733 cum
1232 2671 1286 2733 illo

155 2788 351 2863 pugnarent,
380 2788 434 2844 eut
463 2781 714 2847 artificiosissima
742 2782 864 2846 ratione
890 2782 1082 2861 explicarent
1111 2788 1164 2845 aut
1186 2779 1287 2843 euda-

157 2894 288 2957 cissimis
319 2894 507 2957 coniecturis
533 2899 744 2957 rennuerent.
789 2892 924 2953 Priorem
957 2893 1036 2952 uiam
1066 2888 1298 2972 Welckerus³l⁸

265 3133 293 3199 1)
311 3129 408 3193 Quibus
424 3130 450 3181 ln
468 3127 641 3180 enumerandis
659 3124 804 3194 praeteribo
823 3142 880 3179 oum
898 3129 1067 3197 entiqsdores,
1086 3130 1130 3198 qui
1147 3146 1214 3200 quae
1229 3129 1288 3183 ido·

161 3241 211 3279 nea
229 3225 416 3293 praebuerunt,
433 3240 449 3276 a
475 3223 660 3291 posterioribus
680 3222 799 3275 exhausta
815 3231 881 3288 sunt,
900 3225 1125 3289 tumrecentiorer,
1144 3227 1187 3292 qui
1202 3225 1292 3279 leuiter

159 3321 233 3375 nullis
252 3320 405 3389 argumentis
429 3317 509 3370 allatis
532 3317 598 3371 hane
623 3334 677 3370 rem
696 3318 839 3387 tetigerunt
879 3318 948 3370 luter
975 3320 1073 3385 priores
1097 3329 1180 3373 autem
1205 3321 1289 3372 nomi·

161 3417 237 3469 naudi
254 3425 325 3468 suntr
433 3399 440 3409 ⁶

298 3509 418 3561 lleethius
436 3509 461 3560 in
479 3505 628 3560 lectionibus
646 3506 678 3557 ad
697 3505 849 3571 Aeschylum
867 3522 891 3572 p.
912 3506 951 3563 ll.

299 3603 442 3656 Waltherus
458 3603 491 3655 de
508 3601 665 3654 catabathmo
683 3602 709 3651 in
727 3600 850 3651 animadu.
869 3601 924 3653 hist.
937 3610 963 3652 et
979 3602 1034 3653 crit.
1051 3617 1077 3668 p.
1087 3601 1122 3656 32
1138 3602 1288 3670 Leucopetr.

164 3699 239 3756 tuse

298 3790 483 3846 mononem
506 3784 742 3842 t’ectos'rotssesuns
763 3791 918 3853 eumque
935 3800 962 3840 et
977 3787 1173 3856 qebsropslstqees
1190 3809 1236 3845 sur
1252 3800 1291 3845 tes

164 3905 267 3944 courses
290 3888 346 3941 st'lo
368 3889 395 3938 in
419 3883 538 3952 Aeschyli
565 3885 684 3937 uersione
712 3882 889 3952 humagsllies
908 3883 1010 3937 Parisiis
1031 3885 1097 3939 leue
1121 3885 1199 3952 edlu,
1226 3902 1291 3957 ques

163 3986 223 4038 mihi
240 3986 267 4036 in
284 3990 403 4050 promptu
419 3996 471 4033 non
489 3979 543 4033 tuh„
781 4023 784 4028 .

303 4077 405 4128 Vossius
429 4077 454 4125 in
477 4074 591 4142 epistolis
612 4073 715 4141 mythol
739 4072 768 4124 lh
792 4088 833 4140 ep.
862 4075 893 4127 lt
916 4082 942 4126 et
968 4075 1012 4135 le;
1035 4075 1146 4142 donique

303 4171 429 4233 Pacuius,
449 4169 581 4230 suntote,
596 4168 640 4219 elli
657 4170 682 4219 in
699 4168 902 4220 adnotationibus
921 4169 951 4219 ad
970 4185 1070 4221 uersum
1088 4176 1101 4221 1
1124 4171 1275 4226 Promethei.

264 4266 295 4334 2)
311 4266 385 4330 Apud
404 4264 477 4317 thos.
495 4262 561 4317 sut.
580 4277 605 4328 p.
623 4262 676 4316 444
694 4262 734 4314 ed.
750 4260 832 4315 teth.

269 4360 300 4427 3)
317 4360 345 4411 ln
365 4360 447 4427 trilog.
468 4357 584 4423 Aeschyl.
604 4373 628 4423 p.
648 4357 681 4409 32
699 4373 764 4423 sqq,
783 4371 807 4421 p.
828 4358 875 4410 les
890 4373 956 4424 sqq„
972 4359 1000 4408 in
1016 4360 1124 4425 dppeatd.
1143 4361 1292 4426 pub—62.
