3116 5200
774 506 990 573 ..46-

318 680 395 742 Nam
417 697 509 760 rupes
532 698 595 743 non
617 698 672 760 per
692 682 786 760 ipsam
809 687 940 756 terram,
967 664 1050 760 quod
1074 678 1214 760 proiecto
1235 680 1349 760 optimo
1362 680 1442 746 >iure

289 790 503 896 tttfelcharus,
523 799 632 875 negat,
663 792 719 855 sed
741 793 801 855 sub
820 799 916 868 terra,
943 791 973 854 id
1002 791 1102 854 estin
1126 790 1222 870 Orco,
1241 770 1384 857 lucillius
1405 792 1440 857 in

313 901 405 989 alium
427 902 528 965 locum
553 905 661 967 uenire
685 905 811 984 potuit„
838 902 899 967 Sed
920 903 1047 987 omnino
1069 907 1142 983 puto
1164 907 1378 984 spectatores,
1413 903 1443 965 si

318 1010 439 1091 quidem
462 1016 507 1077 eis
527 1015 586 1077 alia
608 1016 697 1097 regio
709 1013 853 1095 Scythica
874 1019 1105 1094 repraesentata
1129 1020 1208 1092 erat,
1224 1028 1293 1076 non
1315 1013 1443 1077 multum

316 1121 524 1203 deliberasse,
556 1124 710 1205 quomodo
734 1124 935 1188 Prometheus
950 1126 988 1186 :in
1010 1124 1091 1187 bano
1111 1125 1274 1206 regionem
1296 1124 1446 1188 uenisset

315 1232 357 1294 At
374 1235 402 1294 id
427 1236 546 1314 ipsum,
578 1235 719 1299 diuersas
745 1236 890 1319 Scythiae
918 1237 1067 1319 regiones
1100 1252 1214 1298 scaena
1243 1236 1285 1298 ita
1316 1234 1446 1315 exprimi

313 1346 472 1424 potuisse,
495 1352 529 1408 ut
550 1350 598 1424 ei,
624 1349 674 1428 qui
701 1354 890 1427 spectarent,
906 1365 967 1428 quo
989 1347 1088 1410 altera
1111 1346 1149 1408 ab
1172 1346 1272 1408 altera
1293 1344 1447 1425 differret,
1484 1398 1491 1423 ,

316 1455 487 1519 diiudicare
511 1463 652 1538 possent,
672 1457 856 1523 Welckerns
887 1464 1008 1540 neget.m
1028 1453 1096 1525 sed
1117 1456 1145 1517 si
1167 1454 1343 1536 Aeschylus
1363 1454 1448 1518 indi·

316 1585 389 1628 care
411 1562 512 1630 uoluit
535 1569 666 1631 tabulam
689 1569 750 1631 alio
772 1568 844 1630 loco
868 1569 937 1649 agi,
966 1567 1027 1629 boo
1049 1572 1108 1628 tam
1135 1567 1228 1632 facile
1246 1565 1446 1647 heripotnit,

313 1684 347 1739 ut
379 1678 453 1740 inde
482 1680 600 1741 nntium
620 1685 835 1761 argumentum
856 1679 1172 1742 conhasententiam
1204 1683 1343 1740 namnam
1371 1676 1447 1739 duci

311 1789 417 1867 possit.
462 1789 552 1851 Velut
573 1796 608 1850 ut
628 1807 719 1852 unum
740 1786 888 1868 alteram,
915 1789 949 1850 si
967 1804 1077 1865 mare,
1098 1785 1182 1867 quod
1204 1788 1236 1849 in
1253 1787 1441 1853 Prometheo

312 1900 416 1960 uincto
439 1901 536 1962 uisum
566 1917 637 1961 esse
666 1915 759 1978 supra
781 1895 1085 1991 demonstrauimus,
1109 1896 1316 1976 omittebatur,
1339 1915 1441 1961 unas-

311 2012 442 2091 qnisque
464 2010 556 2093 plane
576 2011 665 2075 aliam
687 2009 847 2091 regionem
870 2026 942 2071 asse
965 2008 1128 2096 intellexit.
1211 2052 1215 2059 ι
1253 2040 1257 2049 =
1353 2032 1361 2039 ·

414 2123 474 2201 ,At
493 2121 679 2204 Aeschylum
702 2126 812 2200 potare
841 2137 904 2182 non
933 2136 1099 2200 possumus
1128 2121 1198 2185 siue
1221 2136 1336 2183 caussa
1369 2119 1444 2185 uul-

311 2232 380 2313 gari
415 2230 516 2312 mytbo
554 2233 699 2313 neglecto
732 2232 954 2295 Prometheum
979 2231 1113 2294 diuersis
1143 2232 1175 2293 in
1207 2231 1287 2295 locis
1319 2230 1444 2295 mum

310 2340 441 2402 iecisse:
470 2343 518 2406 sic
540 2342 620 2403 enim
651 2343 826 2421 posteriore
856 2341 957 2404 iabula
979 2343 1113 2421 priorem
1135 2341 1233 2421 xepitasi
1265 2341 1441 2424 negasset“

309 2450 371 2517 Sed
393 2453 523 2533 primum
545 2451 581 2518 in
596 2470 635 2514 ea
656 2453 721 2531 ipsa
744 2470 782 2513 re
804 2451 963 2534 euulgari
985 2444 1089 2534 mytho
1105 2453 1246 2528 recessit,
1268 2450 1350 2532 quod
1365 2453 1443 2515 Pro·

311 2563 466 2651 mensum
504 2565 535 2625 m
571 2563 685 2627 orcam
714 2562 808 2625 belm
843 2564 967 2638 scamis,
997 2563 1081 2643 quoe
1112 2580 1131 2623 a
1158 2562 1244 2625 mtto
1259 2546 1332 2625 'auo
1361 2560 1444 2626 seri-

310 2681 399 2754 ptore
426 2679 577 2737 usmetun.
617 2674 759 2753 'l’ernpcri
787 2673 899 2754 igitur,
922 2681 1084 2753 antequam
1114 2672 1166 2734 ille
1186 2674 1219 2734 in
1243 2671 1356 2735 Orcum
1379 2672 1439 2736 de-

227 2862 229 2868 ,
309 2782 447 2862 scandit,
478 2803 496 2846 e
525 2774 649 2866 uulgari
678 2782 782 2864 mytho
803 2783 972 2845 cinctionis
1005 2782 1093 2846 locus
1116 2784 1242 2846 omnino
1266 2800 1329 2846 non
1359 2790 1439 2849 erat.

282 2979 284 2984 Ι
308 2892 430 2958 Deinde
460 2912 538 2959 uero
567 2911 610 2957 ne
639 2911 747 2958 uerum
775 2892 900 2974 quidem
929 2902 979 2955 est
1006 2910 1114 2957 omnes
1142 2874 1313 2975 scriptores
1327 2895 1439 2958 tradi-

308 3005 395 3069 disse
417 3004 637 3069 Prcmetheum·
654 3006 685 3068 in
709 3004 850 3066 Caucaso
871 2995 1013 3094 uinctum·
1029 3004 1143 3067 inissa:
1167 3005 1335 3068 nonnullos
1358 3005 1438 3069 enlm

310 3134 379 3181 eum
408 3117 447 3179 ad
469 3116 629 3180 Oceanum
645 3116 800 3195 ,posuisse
822 3113 903 3178 intra
927 3116 1060 3199 docebo?
1102 3117 1264 3193 Quomodo
1287 3124 1388 3193 uero,
1410 3118 1439 3180 si

312 3227 435 3291 tabulae
449 3229 483 3291 in
498 3226 632 3290 diversis
648 3227 727 3289 loeis
743 3231 889 3309 aguntur,
910 3228 1069 3308 posterior
1082 3229 1217 3307 priorem
1235 3228 1321 3308 quasi
1335 3232 1440 3308 neget,

260 3349 262 3355 ’
310 3356 374 3401 non
403 3338 560 3421 intellego.
604 3318 749 3402 Attamen
777 3336 910 3400 libenter
931 3336 1086 3415 concedo,
1103 3339 1130 3400 si
1153 3337 1328 3420 Aeschylus
1350 3356 1441 3402 caus·

308 3467 373 3513 sam
395 3466 460 3512 non
481 3448 660 3526 habuisset,
690 3465 748 3513 cur
775 3448 867 3515 olium
887 3448 998 3511 ‘locum
1021 3448 1164 3532 eligeret,
1185 3450 1284 3533 magis
1303 3434 1440 3514 eonsen-

307 3568 432 3623 tsneum
454 3560 552 3623 fuisse
572 3561 706 3624 eundem
729 3560 860 3625 seruari.
890 3584 899 3605 ι
909 3541 1128 3629 Necessarium
1155 3567 1257 3627 tamea
1278 3576 1342 3627 non
1364 3559 1438 3625 init:

307 3684 424 3753 meque,
445 3673 474 3735 si
495 3689 553 3734 nos
571 3673 721 3735 rationem
743 3672 806 3734 loci
826 3671 962 3739 ‘mutandi
984 3672 1163 3753 perspicere
1184 3686 1249 3735 nou
1265 3686 1470 3753 possemus„

308 3778 359 3859 eo'
377 3781 553 3849 ediceretur
567 3782 696 3849 nullam
725 3788 837 3862 poetee
865 3781 972 3847 tuisse.
1014 3782 1090 3845 Nam
1114 3794 1138 3844 'a
1166 3781 1285 3846 ducbus
1308 3782 1437 3851 rsttmtr

307 3892 517 3959 Prometbiae·
544 3890 714 3976 tragoediis
739 3900 815 3956 tam·
842 3909 941 3973 pauca
978 3891 1154 3977 magmenta·
1183 3891 1275 3955 nobis
1310 3899 1437 3955 seruata

307 4011 400 4086 sunt,
418 4012 462 4073 ut
494 4011 613 4068 certum
646 4002 793 4068 iudicium
813 4003 981 4085 nequede
1001 4011 1070 4069 tota
1089 4002 1312 4083 compositione
1332 3990 1436 4083 neqn'e

309 4114 349 4178 de
380 4115 514 4199 singulis
541 4115 774 4196 quaestionibus
802 4113 893 4177 nobis
917 4114 966 4176 sit.
1020 4113 1081 4179 Sed
1107 4118 1223 4177 tantum
1251 4110 1354 4192 abest,
1389 4120 1435 4192 ut,

307 4243 364 4289 cnr
386 4225 510 4291 tabulae
532 4218 665 4291 diuersis
687 4222 766 4290 locis
788 4231 932 4311 agantur,
954 4224 1038 4291 nulla
1058 4222 1138 4288 ratio
1159 4228 1269 4303 exstet,
1300 4227 1335 4285 ut
1356 4222 1436 4287 duae

308 4312 664 4421 oapsspe„grauissimae
677 4337 872 4419 ,illudpaepe
895 4312 1140 4419 repairere'mihi
1162 4328 1336 4429 uideantur,
1361 4335 1434 4399 Ete-

308 4450 371 4511 nim
393 4453 484 4530 poeta
509 4466 575 4511 cum
597 4448 811 4512 Prometheum
831 4449 958 4532 longum
980 4447 1128 4527 temporis
1151 4446 1280 4526 spatium
1298 4447 1336 4511 in
1350 4445 1433 4515 Orco
