3116 5200
731 316 944 382 ..14-

274 485 356 549 dona
377 484 415 548 ah
437 484 572 549 Homero
593 486 626 551 u.
651 487 688 567 11,
712 483 789 567 150,
808 487 851 552 'de
873 487 995 574 Scythia
1018 492 1085 574 ipsa
1107 492 1145 555 ab
1164 490 1325 560 Herodoto
1347 496 1409 564 1111

274 596 315 660 28
342 604 516 677 usurpator.

375 709 478 801 Voces
501 710 604 774 adhuc
626 729 644 773 a
667 712 758 774 nohis
781 712 1000 776 consideratae
1022 732 1091 777 curn
1115 715 1191 779 nihil
1211 717 1271 780 nisi
1294 719 1410 782 condi·

272 821 394 883 cionem
416 822 479 883 loci
498 819 685 900 describant,
709 821 747 884 ad
775 822 842 885 eius
862 824 953 886 situm
969 823 1173 888 definiendum
1190 827 1304 890 nuliam
1327 829 1406 892 dant

271 949 391 993 ansam:
420 932 585 996 uerborum
613 939 715 994 aurem
747 928 955 1003 σκόπελος
989 930 1169 1016 [σκοπέλοις
1189 936 1223 998 ἐν
1241 932 1352 1018 ἄκροις
1372 957 1406 1005 u.

276 1041 347 1126 rit]
372 1049 402 1105 et
431 1036 613 1123 κρημνός
646 1039 787 1125 [πέτραις
812 1035 1064 1125 ὖψιλοκρὴμνοις
1091 1062 1120 1109 ta
1140 1042 1174 1129 5]
1206 1046 1408 1129 Frequentior

272 1171 349 1219 usus
368 1157 400 1216 in
423 1171 489 1215 eam
512 1153 689 1233 opinionem
711 1170 770 1215 nos
794 1152 939 1231 adducit,
970 1159 1006 1214 ut
1027 1155 1058 1215 in
1080 1154 1172 1218 litore
1193 1155 1328 1222 fabulam
1350 1163 1405 1246 agi

271 1271 419 1346 putemus.
465 1264 520 1327 lita
543 1265 624 1327 enim
649 1260 800 1329 nomenis
820 1280 1000 1344 quemquam
1019 1284 1036 1327 a
1052 1269 1280 1346 posterioribus
1302 1272 1403 1351 poetis

272 1375 310 1437 de
341 1375 481 1438 omnibus
518 1380 605 1437 saxis
634 1375 838 1453 adhibentur,
878 1375 915 1437 ab
947 1374 1081 1439 Homero
1112 1383 1215 1439 tamen
1246 1375 1403 1453 σκόπελος

269 1503 394 1566 semper
416 1483 454 1547 de
476 1504 554 1565 rupe
575 1486 608 1546 in
630 1503 713 1547 mere
728 1481 979 1567 procurrente'¹)‚
1002 1482 1141 1568 κρημνός
1161 1503 1239 1549 uero
1262 1488 1302 1552 dc
1324 1507 1403 1571 qua-

270 1599 345 1661 libet
364 1598 431 1678 ripa
452 1594 653 1677 praeceptat)
677 1574 853 1676 usurpatum
896 1595 1006 1676 Neque
1021 1574 1212 1680 Aeschylum
1235 1614 1259 1673 a,
1276 1601 1403 1684 uulgari

270 1726 330 1773 usn
351 1709 536 1782 recessisse,
560 1706 616 1769 scd
639 1724 751 1770 reuera
773 1706 897 1787 fauces,
919 1708 951 1768 in
974 1707 1086 1788 quihus
1108 1690 1309 1773 Prometheus
1328 1711 1402 1774 uin.

271 1826 339 1883 ctus
361 1826 421 1897 est,
444 1819 476 1880 in
500 1834 557 1881 ora
571 1819 720 1881 maritima
741 1819 848 1881 iacere
868 1816 1234 1899 praeternersnm1088
1257 1817 1404 1882 σννπενά.

270 1953 382 2011 ρακται
402 1926 526 2013 boidin
547 1922 662 2013 πόντῳ,
681 1964 722 1974 -
741 1928 824 2010 quod
841 1928 895 1992 111ο
915 1927 1021 1993 dicere
1042 1931 1096 1993 nix
1114 1931 1226 2010 potuit,
1248 1932 1310 1994 nisi
1331 1946 1404 1994 eum

270 2048 362 2122 etque
383 2048 576 2122 spectatores
597 2057 684 2103 nrare
707 2041 920 2106 conturbatum
932 2042 1051 2105 uidisse
1072 2043 1231 2105 statuimus
1246 2075 1300 2122 -,
1320 2042 1405 2105 lonis

269 2153 368 2215 uerba
397 2147 479 2234 [ἐμὲ]
511 2151 614 2235 πλανᾷ
641 2171 674 2211 τε
701 2151 809 2233 νῆστιν
834 2140 895 2210 α’νά
927 2144 985 2213 τὰν
1004 2151 1207 2233 παραλίαν
1231 2148 1403 2233 ψάμμαν

269 2265 314 2340 (n.
336 2260 414 2343 bet)
438 2264 480 2326 ita
503 2260 692 2340 confirmant,
715 2266 748 2322 nt
770 2261 994 2324 dubitationem
1016 2279 1069 2325 res
1089 2278 1153 2326 non
1174 2262 1297 2329 haheat.
1324 2261 1402 2326 Ete-

269 2377 330 2440 nim
352 2374 501 2457 Meperus
536 2390 605 2435 cum
627 2389 697 2455 pag.
717 2369 761 2444 30
782 2372 871 2435 huius
900 2373 1076 2455 argumenti
1111 2373 1173 2437 nim
1202 2372 1244 2436 ita
1276 2372 1397 2466 peirin-

266 2505 344 2571 gere
364 2485 521 2563 studeret,
555 2491 589 2547 nt
612 2484 731 2548 diceret
754 2485 858 2546 ionem
887 2498 952 2545 non
974 2484 1075 2548 solnm
1096 2501 1152 2565 per
1174 2501 1261 2547 oram
1283 2483 1400 2547 mariti·
1461 2494 1465 2500 ’

267 2615 355 2674 mam,
387 2612 495 2658 uerum
519 2596 610 2656 etiam
639 2610 695 2672 par
724 2598 845 2655 montes
883 2611 920 2654 ac
949 2594 1134 2655 solitudines
1163 2602 1398 2674 errasse'snon

264 2706 422 2788 reputauit
444 2698 612 2768 aduentum
633 2704 700 2765 eius
721 2701 760 2765 ad
781 2700 1016 2782 Prometheum,
1046 2720 1109 2765 non
1143 2719 1250 2767 omnes
1270 2723 1397 2768 errores

265 2818 332 2893 toto
353 2816 414 2882 hoc
427 2814 563 2879 carmine
579 2808 725 2878 describi.
756 2814 961 2889 Quamobrem
978 2815 1038 2878 nisi
1057 2817 1147 2898 uirgo
1160 2804 1214 2878 111ο
1229 2816 1297 2898 ipso
1320 2821 1399 2878 tem·

265 2912 351 3013 pore
367 2928 398 2989 in
421 2918 561 3033 proxima
581 2925 673 2988 maris
696 2926 856 2988 uicinitate
876 2927 1058 3009 migrasset,
1094 2926 1224 2990 narrare
1245 2943 1309 2989 non
1331 2943 1395 3009 po-

264 3041 377 3104 tuissct
399 3038 454 3119 pen
476 3050 600 3100 arenam
622 3032 814 3098 maritimam
824 3053 859 3098 se
879 3036 960 3115 pelli.
979 3036 1143 3100 hoamen
1163 3044 1290 3102 nostrae
1312 3056 1393 3102 scn-

266 3153 382 3217 tentiae
405 3151 464 3215 alia'
484 3146 585 3212 uerba
604 3120 744 3211 eiusdem
767 3144 850 3210 ionis
946 3166 949 3173 ¹

471 3285 502 3322 τι
500 3257 588 3338 ’δῆτ’
607 3248 757 3338 ἕμοιηζῆν
778 3254 904 3338 κέρδος·
925 3251 997 3318 ἀλλ’
1017 3278 1074 3319 ονκ
1095 3253 1184 3317 dv'
1147 3278 1235 3338 παχει

470 3366 616 3455 ἐρριηί
600 3365 739 3451 εμαοτὴν
758 3366 885 3450 πῆςδ”
865 3394 926 3433 απο
948 3365 1092 3456 crepion
1113 3366 1238 3455 πέτρας,

359 3462 363 3469 ’
469 3479 554 3556 ὅπως
573 3481 690 3546 πέδοι
711 3476 909 3562 σκήψασα
927 3478 991 3543 τῶν
1011 3476 1136 3544 πάντων
1156 3478 1261 3547 πόνων

437 3594 440 3601 ⁴
456 3584 459 3589 ξ
474 3578 689 3678 α’πη1λάγην1)
902 3590 905 3597 ’

266 3726 445 3794 repugnare
467 3698 623 3770 uidentur.
662 3704 762 3767 Recte
776 3692 865 3766 'enim
884 3701 1039 3787 meyerus
1053 3704 1164 3768 eodem
1180 3705 1255 3769 ioco
1276 3711 1392 3783 monet,

326 3913 490 3984 occur
508 3911 577 3976 11.’,1Ι
595 3908 656 3975 3ed,
675 3909 723 3964 od.
733 3910 779 3962 xil
797 3910 830 3963 7³
849 3918 925 3979 aqna
940 3907 1080 3978 Hesychius
1095 3921 1187 3961 uuccru
1205 3905 1314 3974 explicet
1332 3906 1391 3967 ἐξέ-

264 4016 359 4070 χουσα
377 4004 419 4058 eir
435 3999 590 4052 θάλασσαν
608 4000 709 4069 πέτρα.
780 4016 782 4019 ’
877 4030 880 4037 »

366 4093 397 4162 2)
414 4095 470 4148 Vid
487 4095 517 4149 11
533 4092 592 4146 11111
608 4091 651 4158 25,
670 4092 722 4148 2114
748 4101 826 4163 atquc
851 4094 912 4146 nem
937 4086 1008 4148 erbe
1033 4091 1103 4147 ders
1122 4089 1188 4147 vult
1207 4089 1250 4153 95,
1269 4087 1390 4157 neumae

265 4183 352 4251 naga
370 4180 413 4232 ar.

367 4272 397 4347 a)
413 4275 466 4330 vv.
483 4275 628 4330 arn-mo.

246 4412 267 4483 i
