3116 5200
606 1340 869 1477 Caput-l.

231 1630 236 1635 .
272 1551 348 1616 (tum
372 1549 445 1614 mihi
466 1550 564 1633 primo
586 1551 658 1613 loeo
678 1532 869 1651 propositum
890 1550 932 1615 sit
954 1568 1127 1633 quaerere,
1160 1552 1237 1635 qnid
1257 1572 1299 1616 ec

166 1663 238 1727 roto
255 1663 441 1728 Prometheo
462 1663 572 1726 uincto
594 1663 677 1726 iuste
695 1663 942 1745 simpliciterque
971 1664 1133 1745 ecplicctc
1153 1665 1194 1728 de
1215 1665 1299 1743 loco,
1410 1693 1412 1700 ·

166 1774 201 1837 in
224 1791 286 1855 qao
303 1771 420 1849 fabula
439 1780 567 1854 oqotor,
590 1773 840 1836 concludendum
860 1774 916 1849 sit,
941 1772 1021 1837 hane
1043 1790 1170 1856 quoque
1191 1773 1298 1857 dispu-

164 1885 314 1963 tationem
343 1883 525 1965 tripartitam
554 1882 674 1945 faciam.
720 1882 842 1946 Etenim
864 1884 996 1964 primum
1019 1882 1296 1964 considerabimus,

165 1995 272 2077 qualis
292 1995 383 2081 locus
406 1993 612 2069 describatur,
635 1991 750 2057 deinde
763 2012 841 2075 quae
863 1997 952 2077 reqio
974 1995 1185 2076 indicata‘sit,
1208 1997 1298 2059 deni-

115 2116 119 2125 ·
166 2122 333 2187 quequae
357 2122 398 2167 ex
412 2104 504 2167 louis
526 2104 692 2167 erroribus
714 2102 865 2186 colligere
885 2100 1049 2184 possimus.
1136 2177 1143 2183 ,

266 2198 318 2277 hd
338 2213 448 2277 taciem
474 2213 537 2277 loci
567 2212 806 2276 describendam
829 2212 1004 2296 Aeschylus
1034 2232 1144 2278 uocem
1172 2211 1298 2299 φάραγξ

166 2332 280 2412 quater
302 2314 374 2408 (uu.
398 2321 448 2389 15.
473 2323 777 2398 1106101015.)
804 2322 952 2388 adhibuit.
1006 2325 1089 2389 llaec
1116 2344 1193 2390 uero
1224 2344 1316 2419 uox„

165 2453 249 2518 quae
276 2436 367 2515 plone
402 2435 575 2498 uernaculo
604 2434 703 2498 uerbo
734 2435 887 2499 sentoctt.
907 2435 1095 2518 respondet,
1124 2420 1192 2523 com
1222 2452 1299 2500 saxa

168 2551 330 2630 angustam
360 2544 473 2607 uallem
503 2543 690 2609 includentis
725 2551 789 2606 tum
820 2545 932 2608 uadem
962 2547 1058 2627 ipsam
1087 2547 1242 2629 significat
1260 2547 1296 2622 ¹).

163 2656 373 2721 Prometheus
391 2657 486 2739 igitur
508 2656 539 2717 in
560 2655 701 2718 lancibus
730 2655 854 2718 uinctus
878 2661 942 2735 est,
971 2663 1006 2719 ut
1028 2673 1132 2738 neque
1153 2657 1297 2738 aspicere

166 2769 330 2851 quisquam
357 2786 427 2832 eum
455 2784 557 2848 neque
578 2766 667 2829 adire
688 2765 781 2830 facile
805 2767 913 2849 possit.
961 2750 1042 2831 Saxa
1065 2774 1185 2847 autem,
1214 2786 1296 2850 quae

165 2880 223 2943 has
246 2876 354 2941 fauces
377 2876 579 2955 circumdant,
602 2878 730 2956 obrupta
754 2882 846 2958 atque
869 2894 981 2956 aspera
1003 2894 1074 2940 esse
1096 2877 1194 2941 uerha
1214 2877 1301 2958 τῆςδ’

162 2981 227 3050 cirri
254 2982 439 3074 στύφλου
458 2986 575 3069 πέτρας
596 2982 646 3069 (lt.
669 2984 752 3071 748)
785 2992 816 3049 ei
849 2987 1005 3073 adientium
1034 2981 1151 3071 ὄκρίς
1171 2984 1297 3071 (1015)

90 3094 91 3097 ’
164 3105 196 3161 et
217 3088 488 3182 inquiram)
511 3092 615 3180 (282)
646 3094 771 3161 docent.
815 3096 850 3160 ln
872 3114 934 3178 qua
961 3115 1041 3179 rupe
1066 3114 1171 3180 neque
1202 3098 1296 3165 arhor

76 3276 82 3291 ,
163 3226 272 3291 neque
297 3209 404 3272 frutex
430 3208 587 3288 nascitur,
620 3209 672 3289 qui
703 3206 886 3271 Prometheo
907 3188 1036 3271 'cenna‘
1054 3208 1131 3271 solis
1154 3193 1298 3272 ardorem

163 3327 439 3403 tempestatumque
451 3320 595 3384 iniuriam
609 3318 724 3384 tutelae
743 3318 798 3384 sit:
820 3318 852 3381 id
864 3319 948 3401 qood
968 3325 999 3382 et
1013 3319 1157 3383 uersibus
1168 3296 1297 3384 224-25
1336 3323 1338 3328 '

163 3431 372 3514 pulcherrime
401 3430 589 3493 describitur
622 3430 826 3517 etadiectiuo
859 3427 1125 3519 δγςχείμερος
1144 3426 1214 3511 (15)
1238 3446 1296 3492 ex·

162 3543 315 3626 primitur.
357 3542 467 3624 Neque
489 3545 577 3609 enim
590 3558 722 3607 necesse
745 3546 793 3604 est
810 3539 892 3605 hauc
914 3558 1026 3618 uocem
1047 3538 1292 3606 oumSchuetuio

165 3653 308 3736 regionis
332 3653 584 3735 septentrionalis
614 3653 667 3717 uel
695 3652 860 3736 propinqui
889 3652 982 3715 maris
1003 3648 1150 3714 indicium
1171 3650 1299 3715 habere.
1398 3732 1401 3737 ,

163 3763 285 3827 Etenim
304 3762 503 3845 δυςχείμερος
523 3780 658 3845 „aspero
679 3761 790 3826 ccelo“
814 3762 969 3847 significat
990 3769 1084 3844 atque
1106 3763 1154 3825 sic
1176 3760 1217 3847 de
1228 3760 1295 3824 Do·

271 4000 301 4068 t)
320 4000 395 4054 Corui.
423 4000 495 4051 Eust.
522 3998 555 4050 ad
572 3998 601 4052 ll.
625 3999 657 4065 il,
673 4015 698 4068 p.
716 3999 767 4056 300
794 4017 819 4055 ιι.
844 3997 890 4055 20.
917 4009 944 4053 et
971 4000 1055 4067 Eque.
1082 4012 1197 4068 magnum
1220 4016 1243 4054 s.
1268 3976 1303 4055 υ..

165 4095 290 4167 φάραγξ.
321 4095 457 4163 Vtriusque
484 4109 573 4147 sensus
597 4095 787 4161 exemplarent
812 4095 936 4160 Thucli,
962 4095 1065 4149 67καὶ
1085 4096 1114 4151 ἐς
1136 4091 1294 4163 φάραγγας

166 4191 303 4256 deficior
322 4197 348 4243 et
364 4189 425 4242 Eur.
441 4189 496 4256 lph.
515 4189 590 4243 Tuus.
607 4190 658 4242 27⁷
676 4188 803 4243 θάσσειν
821 4188 971 4260 φάραγγα.

268 4285 299 4351 2)
316 4283 388 4337 lianc
405 4299 496 4338 uocem
514 4283 654 4353 Hesychius
672 4282 759 4337 uarhir
775 4284 883 4353 τραχύ,
903 4278 1052 4350 σκληρῶς·
1066 4280 1191 4348 στερεόν,
1210 4279 1295 4351 o’pyt-

164 4380 215 4430 λον
232 4379 419 4446 intorpretatur.
