3116 5200
619 415 829 484 ..pp..

61 644 65 659 .
163 597 298 663 Araxum
327 598 358 658 et
380 592 531 689 Chalybas
554 596 586 653 et
608 590 737 672 Scythas
760 590 915 665 Nomados
938 606 1000 652 oon
1023 589 1053 650 io
1077 589 1163 665 Asia,
1187 588 1297 653 sedin

162 707 287 787 Europa
316 705 393 768 sitos
423 710 498 766 esse
524 707 618 784 utque
642 701 842 765 Prometheus
875 702 905 762 in
937 700 1058 781 Europe
1092 701 1214 798 uinctus
1246 702 1295 763 sit.

163 982 230 1033 uiam
258 979 333 1045 paldo
355 978 476 1031 lubricam
500 992 558 1030 esse
575 978 634 1030 item
652 976 679 1029 in
695 976 854 1043 praefatione
871 975 1050 1031 demonstrant
1085 976 1135 1031 Sed
1152 977 1213 1030 alias
1230 994 1299 1046 quo·
1325 1034 1328 1039 ,

167 1092 217 1144 quc
240 1074 407 1128 dubitationes
436 1089 523 1126 eorum
548 1071 712 1124 coniecturae
733 1079 846 1123 mouent.
887 1069 949 1123 llam
971 1072 1040 1140 quod
1063 1070 1182 1139 Heraeus
1205 1087 1295 1141 magna

121 1202 123 1205 -
164 1185 221 1222 cum
239 1168 389 1222 confidentia
408 1168 541 1237 proposuit
560 1164 598 1235 [p.
621 1157 771 1236 lli]'uorsus
790 1165 925 1221 tat-731
947 1168 1104 1235 ἰσθμὸν-
1119 1164 1299 1220 Μαιωτικόν

166 1273 224 1317 ante
245 1280 346 1319 uersum
371 1266 422 1319 714
445 1265 531 1319 λαιᾶς
554 1260 585 1315 dr
608 1260 706 1332 χειρός
735 1276 793 1313 esse
810 1240 1050 1328 ponoou0s‚'ptane
1066 1261 1233 1330 respuendum
1251 1270 1298 1315 est.

167 1358 268 1412 Etenim
279 1368 307 1411 ut
323 1359 421 1412 minora
438 1365 585 1427 argumenta
602 1356 703 1410 silentio
721 1356 926 1423 praetermittam,
944 1356 1100 1410 bacratlone
1116 1372 1155 1421 ea,
1172 1372 1238 1425 quae
1256 1372 1300 1410 ar-

165 1454 276 1509 ctissimo
301 1463 328 1509 et
351 1454 490 1508 mutantiae
512 1462 538 1506 et
554 1453 748 1507 eonsuuottoois
771 1450 872 1525 uiucnlo
891 1451 1025 1504 coniuncta
1043 1460 1102 1504 sunt
1121 1449 1247 1521 [coepes
1263 1477 1298 1492 -

166 1546 362 1618 textricarum,
387 1548 531 1618 quindecim
557 1547 673 1600 uersibus
691 1547 872 1615 disiunguntur,
890 1547 924 1598 ita
943 1554 1021 1598 utne
1038 1545 1297 1615 subiectumquidem
1324 1545 1327 1548 ’

166 1642 198 1693 ad
215 1641 293 1694 uerba
318 1641 473 1711 Βόσπορος
493 1640 676 1711 dimovebor
704 1641 872 1704 κεκλήσεται
896 1642 968 1694 adsit.
1005 1641 1097 1709 Reisigi
1119 1656 1182 1694 uero
1207 1642 1299 1693 conie-

166 1744 236 1789 ctura
252 1728 392 1790 abhochio
409 1735 581 1802 comprobata,
599 1733 808 1805 quaestoresue,
827 1734 875 1788 etsi
891 1735 967 1788 multo
982 1736 1150 1802 praestantior
1167 1743 1207 1787 est
1223 1750 1298 1804 quam

168 1831 314 1884 coniectura
336 1832 369 1884 ub
391 1833 448 1900 ipso
471 1832 614 1899 proposita,
639 1845 735 1883 summo
762 1846 819 1883 cum
844 1840 990 1899 contemptu
1015 1815 1196 1883 commemorat
1213 1846 1297 1898 neque

164 1925 317 1979 refutatione
334 1926 434 1994 Quam
451 1925 634 1993 babet'primo
652 1925 742 1978 obtato
759 1940 821 1978 saue
843 1942 959 1994 magnam
983 1904 1167 1993 probabilitatis
1184 1926 1298 1990 speeiem

165 2033 230 2086 prae
251 2033 281 2072 se
297 2020 355 2075 lert.
389 2018 433 2073 llle
455 2020 520 2071 euim
544 2034 634 2071 uersus
658 2019 798 2073 tlt-⁷28
823 2018 898 2081 ἥξεις
921 2017 1088 2086 δ’ὖβριστῆν
1111 2019 1247 2086 ποταμόν
1266 2047 1297 2057 -

167 2117 228 2165 ιιιιὶΙ
244 2113 464 2184 pertusatam
488 2115 514 2165 in
537 2113 650 2165 lacunam
672 2112 752 2176 illam,
777 2129 852 2183 quam
876 2120 934 2180 post
952 2127 1052 2164 uersum
1070 2111 1120 2165 791
1139 2113 1297 2166 statuendam

165 2223 223 2262 ease
247 2204 335 2260 omnes
355 2208 472 2285 editores
498 2223 549 2260 uno
575 2222 701 2269 consensu
730 2217 850 2271 censent,
877 2210 1042 2276 transposuit
1085 2206 1141 2272 Quo
1167 2208 1253 2281 modo,
1270 2193 1299 2262 lo

147 2319 242 2368 'sane,
265 2303 300 2355 ita
325 2304 356 2354 ut
376 2317 417 2354 res
442 2317 472 2354 se
493 2301 584 2366 habet,
612 2311 731 2368 superato
759 2298 861 2354 demum'
876 2302 994 2369 Bosporo
1014 2303 1148 2357 OEmmerio
1172 2302 1204 2354 ad
1227 2303 1301 2357 Gerr·

167 2409 252 2447 casum
270 2405 296 2471 et
312 2396 454 2449 Amazonas
471 2397 497 2448 in
510 2396 631 2451 Colchide
649 2396 789 2449 habitantes
805 2399 928 2464 pemrcuit.
955 2398 1073 2450 Attamen
1088 2412 1123 2449 ne
1139 2398 1188 2449 bac
1198 2398 1302 2467 quidem

167 2476 305 2543 muladone
328 2489 419 2542 lacuna
448 2490 488 2542 illa
512 2499 572 2557 post
594 2506 693 2543 uersum
716 2491 766 2544 791
794 2490 916 2556 expletur,
939 2491 1030 2543 deinde
1054 2507 1116 2543 uero
1144 2506 1195 2542 non
1217 2490 1301 2543 solum

169 2585 250 2639 omna
266 2584 439 2638 diuerbiorum
448 2587 591 2651 responsio,
610 2585 642 2636 de
659 2600 708 2654 qua
725 2600 801 2652 supra
819 2585 924 2654 egimus,
942 2584 1045 2648 tollitur,
1063 2585 1110 2638 sed
1126 2587 1205 2638 etiam
1219 2584 1301 2638 altera

168 2679 348 2747 praedictionis
366 2695 425 2747 pars
442 2679 516 2732 nimis
535 2678 628 2744 breuis,
646 2679 724 2733 altera
739 2680 812 2732 nimis
830 2679 906 2749 longa
923 2679 979 2732 lieri
996 2680 1109 2745 uidetur,
1132 2696 1197 2750 quae
1215 2681 1302 2733 omnio

168 2776 340 2828 coniecturam
346 2775 512 2828 incertiorem
523 2775 638 2827 reddunt.
660 2774 710 2827 Sed
721 2790 808 2829 omnes
820 2774 866 2826 has
877 2776 1010 2843 opiniones
1021 2776 1097 2829 modo
1108 2792 1121 2826 a
1131 2792 1172 2831 nro
1186 2791 1301 2829 comme-

169 2877 279 2929 moratas
298 2870 429 2937 cumipse
447 2867 575 2935 Aeschylo
592 2884 705 2937 pugnare
723 2869 788 2920 inira
803 2883 844 2921 me
861 2885 939 2936 spero
957 2871 1182 2925 demonstratarum
1199 2885 1267 2925 esse.
1286 2934 1289 2939 Ι

272 2963 321 3016 Sed
337 2978 371 3015 ne
388 2961 522 3014 hermanni
540 2962 641 3031 quidem
658 2962 815 3026 senteutiam,
834 2963 878 3031 qui
895 2963 921 3014 in
940 2978 972 3015 eo
989 2978 1019 3015 se
1036 2963 1168 3027 continuit,
1186 2972 1214 3016 ut
1231 2963 1300 3018 Cau-

169 3073 254 3109 casum
272 3073 286 3109 a
304 3056 491 3125 poetalongins
509 3056 540 3108 ad
558 3056 756 3123 septentrionem
774 3065 896 3111 remotam
909 3072 966 3110 esse
985 3066 1107 3111 statueret
1124 3055 1256 3127 [uidadu.
1267 3060 1300 3111 ad

170 3150 290 3219 Aeschyl.
307 3151 337 3206 ll
355 3166 382 3219 p.
399 3149 481 3221 15⁷.],
498 3151 584 3223 perbis
601 3139 722 3219 Aeschyli
739 3153 808 3204 omni
826 3168 858 3205 cx
875 3161 947 3220 parte
962 3153 1111 3206 satisfacere
1127 3161 1199 3221 puto.
1237 3153 1299 3207 llam

169 3262 222 3299 uon
248 3246 324 3299 modo
343 3262 432 3300 caussa
448 3261 500 3298 uon
518 3254 565 3310 est,
583 3261 629 3298 cur
647 3245 684 3308 lo,
702 3246 724 3297 si
740 3246 767 3298 in
784 3247 896 3300 Asiatico
913 3247 1045 3301 llaeotidis
1063 3262 1108 3299 ora
1126 3249 1175 3299 iam
1191 3247 1250 3312 luit,
1268 3247 1300 3300 ad
1379 3240 1381 3249 '

168 3340 311 3409 Bosporum
322 3339 481 3395 Cimmerium
498 3341 586 3393 redeat
602 3344 687 3409 neque
703 3342 791 3394 eadem
809 3343 850 3394 uia
869 3352 965 3411 pergat,
983 3357 1071 3395 oerum
1086 3344 1169 3408 etiam,
1187 3344 1210 3396 si
1220 3343 1300 3411 Ama-

169 3450 260 3489 zonum
285 3434 360 3488 sedes
382 3451 399 3488 a
423 3434 537 3489 Caucaso
564 3436 591 3484 in
613 3434 741 3488 meridiem
765 3444 910 3503 spectantes
936 3437 1002 3489 inter
1028 3438 1106 3489 maria
1128 3438 1245 3505 Caspium
1274 3447 1303 3491 ct

168 3528 318 3582 llaeotimm
334 3531 460 3593 iacerent,
482 3529 510 3582 lo
533 3528 592 3581 inde
609 3530 635 3581 in
657 3529 786 3580 Tauricam
809 3530 979 3597 paeninsulam
1003 3531 1091 3585 uenire
1116 3548 1169 3584 uon
1191 3541 1301 3600 poterat,

171 3625 221 3677 nisi
243 3633 342 3678 montes
363 3625 453 3678 iterum
474 3625 702 3693 transgrederetur.
739 3623 826 3692 ltaque
844 3640 901 3677 cum
918 3633 1035 3678 neumum
1057 3642 1072 3680 a
1090 3627 1241 3680 Prometheo
1259 3628 1301 3680 di·

169 3727 237 3771 ctum
255 3720 296 3785 sit,
307 3719 475 3774 confitendum
493 3706 683 3773 estllaucasum
699 3719 730 3773 de
742 3719 862 3788 Aescpr
878 3721 1003 3775 seutemia
1018 3729 1062 3773 aut
1078 3737 1155 3789 supra
1173 3730 1217 3775 aut
1238 3722 1299 3774 citra

168 3813 290 3869 llaeotim
309 3815 406 3868 iacere.-

235 3913 238 3917 ’
272 3909 396 3963 Schirlitai
413 3919 495 3962 autem
515 3911 646 3973 renuntia,
667 3910 720 3978 qui,
739 3909 806 3977 qued
825 3924 857 3962 ex
875 3907 956 3961 tabula
981 3909 1067 3978 oollim‘
1089 3918 1174 3976 potest
1193 3935 1224 3949 -
1242 3926 1301 3964 urm

169 4020 255 4075 nequo
273 4005 349 4057 certis
366 4005 520 4072 argumentis
542 4003 717 4071 comprobauit
741 4019 825 4072 neque
847 4005 948 4056 omnino
971 4005 1065 4072 apertis
1083 4004 1169 4057 uerbis
1186 4003 1249 4058 dixit
1268 4036 1299 4047 -·

173 4099 313 4153 causamn
336 4098 368 4152 ad
385 4097 550 4166 borysthenis
574 4100 655 4167 ripam
672 4099 770 4165 posuit,
794 4099 876 4162 iacet,
900 4099 922 4150 si
948 4115 1008 4151 uera
1027 4107 1099 4161 sunt,
1118 4114 1183 4168 quae
1201 4115 1250 4170 epo
1269 4102 1301 4155 de

171 4195 262 4247 Araxis
279 4194 340 4246 duci
358 4209 434 4246 eursu
451 4193 534 4262 deque
551 4208 643 4246 scaena
660 4195 686 4245 in
704 4191 800 4247 Oceani
817 4193 892 4246 litore
910 4192 1026 4260 ponenda
1045 4194 1178 4261 disputari
1204 4195 1300 4266 lleque,

170 4299 199 4344 ut
216 4288 276 4341 illud
292 4289 375 4342 statim
400 4287 503 4353 addam,
526 4287 694 4342 Athenienses
719 4287 794 4342 credi.
812 4296 919 4356 possunt
942 4287 986 4340 illo
1010 4296 1134 4356 tenpore,
1159 4306 1210 4359 qno
1228 4290 1302 4345 Olbia

171 4385 221 4438 iam
239 4384 331 4437 dudunr
349 4384 464 4450 tiorebat,
482 4384 615 4452 ignorasse
632 4382 714 4436 nullos
732 4382 763 4435 ad
781 4381 946 4449 borysthenis
963 4384 1043 4453 ripam
1061 4398 1120 4438 esse
1137 4392 1244 4438 meam.
