3116 5200
734 340 948 409 ..pp-

277 529 342 579 non
363 511 500 577 retineri.
547 509 608 589 „At
630 528 693 575 non
714 511 746 576 in
768 512 845 596 iugo
874 514 955 597 ipso,
982 513 1040 579 sed
1062 514 1102 579 ad
1124 513 1305 584 humiliores
1329 520 1413 588 Can·

278 626 341 688 casi
364 629 488 707 partes,
519 638 598 702 quac
619 640 705 685 mare
726 623 892 707 attingant,
915 623 1062 709 alligatus
1083 628 1162 691 est.“
1207 629 1298 705 Quod
1313 636 1410 700 suini

276 753 369 816 posse
391 733 544 796 Lucienus
564 729 658 795 dccet
691 739 783 815 atoue
803 735 850 797 sic
879 737 1077 801 statuendum
1100 754 1174 803 esse
1203 741 1264 804 oiri
1287 737 1371 807 docti
1384 744 1409 828 ¹)

275 865 295 911 θ
323 845 428 908 uerbis
462 843 555 906 modo
588 844 833 907 commemoratis
865 843 944 926 πρὸς
976 838 1075 907 adria
1096 842 1272 910 Καύκασον
1304 847 1410 935 μόλῃς

275 957 478 1040 collegerunt.
530 953 650 1016 Etenim
686 957 872 1033 pronomine
908 952 1007 1017 αὐτόν
1038 959 1225 1038 putauerunt
1256 960 1409 1025 uerticem

275 1068 405 1133 Caucasi
435 1083 507 1129 esse
530 1066 702 1146 oppositum
725 1064 881 1129 radicibus
901 1068 987 1143 eius,
1019 1067 1188 1148 inquibus
1211 1068 1305 1152 Iapeti
1326 1069 1409 1136 fitius

274 1182 400 1243 uinctos
420 1179 474 1241 ait:
502 1194 594 1257 quam
621 1177 908 1258 interpretationem
938 1175 1103 1242 absurdam
1125 1196 1199 1243 esse
1220 1197 1323 1263 neque
1344 1182 1407 1248 ho-

275 1291 349 1355 mini
380 1307 457 1353 sano
481 1290 512 1350 in
540 1292 672 1350 mentem
700 1288 810 1352 uenus
843 1287 990 1351 debuisse
1012 1288 1244 1374 Hermannos2)
1272 1296 1406 1359 censuit

273 1401 313 1464 Vt
323 1400 562 1483 praetermittam
583 1398 699 1477 dicere,
721 1415 801 1479 quae
815 1396 1009 1462 difficultates
1022 1419 1063 1461 ex
1086 1399 1143 1463 hac
1165 1404 1318 1467 sententia
1341 1405 1410 1468 cri·

272 1519 427 1576 antur-
452 1530 520 1574 nam
543 1510 583 1573 de
605 1508 652 1572 iris
675 1509 756 1574 inira
784 1508 936 1594 agendum
960 1512 1020 1575 crit
1041 1547 1084 1558 -
1105 1513 1309 1594 inquiramos,
1332 1533 1405 1579 num

273 1616 453 1684 adriatico
475 1622 546 1684 loco
581 1621 622 1683 ita
645 1621 803 1701 explicare
833 1621 933 1685 liceat.
978 1624 1167 1703 Quamquam
1190 1642 1281 1690 nemo
1303 1626 1405 1690 adhuc

272 1751 373 1815 neque
395 1733 482 1814 paria
500 1733 592 1812 piane
608 1748 709 1812 neque
720 1732 830 1794 similia
845 1733 982 1812 exempta
995 1733 1143 1816 attuliti),
1166 1753 1283 1820 negare
1302 1744 1406 1800 tamen

271 1844 345 1910 nolo
368 1860 517 1908 summum
541 1843 648 1924 iugum
676 1843 859 1922 pronomine
893 1840 991 1916 οὗτός
1020 1843 1222 1909 inferioribus
1254 1849 1401 1912 montium
1520 1876 1521 1915 i

271 1955 404 2020 collibus
427 1954 541 2037 opponi
565 1970 677 2034 posse,
708 1954 736 2016 si
758 1953 881 2033 quidem
906 1957 1025 2017 montes
1048 1955 1105 2034 ipsi
1127 1965 1403 2038 eorumuepartes

270 2072 325 2129 aut
345 2067 403 2128 iam
428 2070 664 2128 commemorata
687 2069 761 2127 sunt
779 2071 831 2139 aut
852 2064 945 2126 iacile
967 2082 986 2126 e
1005 2068 1226 2131 sententiarum
1248 2086 1331 2133 nexu
1352 2072 1404 2133 in-

270 2177 470 2258 ieiicguotur,
492 2174 522 2235 id
546 2171 629 2254 quod
651 2174 682 2234 in
703 2173 785 2237 hunc
805 2173 906 2235 iocum
935 2192 998 2237 non
1021 2176 1111 2239 cadit.
1155 2177 1277 2241 Deinde
1298 2180 1400 2243 admi.

269 2289 423 2351 rationem
445 2283 584 2363 haberet,
607 2285 633 2345 si
659 2282 818 2346 Caucasus
841 2301 902 2346 ooo
926 2285 1037 2363 spiritu
1069 2293 1101 2348 et
1123 2302 1192 2348 cnm
1215 2290 1282 2351 suis
1303 2291 1401 2371 ipsius

270 2396 405 2481 partibus
434 2413 515 2460 uoce
547 2389 645 2458 adada
672 2403 704 2457 ct
740 2411 808 2457 cum
836 2394 963 2458 relicuis
994 2397 1146 2460 montibus
1160 2400 1283 2463 -uerbis
1315 2394 1401 2484 ὀροῖν

267 2498 408 2589 ὕψιστον
438 2496 680 2588 compararetur.
737 2504 878 2586 denique
898 2507 930 2568 in
960 2524 999 2569 eo
1019 2506 1221 2587 offendimus,
1252 2511 1401 2590 quodsi

268 2622 349 2684 hanc
376 2618 615 2699 explicationem
638 2617 810 2695 sequimum
842 2616 950 2677 eadem
983 2619 1137 2679 sententia
1178 2620 1283 2682 uerbis
1319 2617 1403 2698 πρὸς

268 2723 365 2794 αὐτόν
386 2724 561 2792 Καύκασον
580 2731 613 2788 ei
631 2720 799 2808 κροτάφων
824 2717 878 2785 ἀπ’
898 2720 1004 2787 αὐτῶν
1028 2731 1062 2787 et
1082 2721 1322 2808 dctpoym'sorac
1341 2749 1401 2788 κο.

269 2836 374 2925 popio
401 2854 551 2919 expressa
578 2842 643 2915 est,
676 2834 858 2916 praesertim
886 2852 953 2898 oum
976 2853 1148 2919 pronomen
1171 2832 1267 2910 αὐτός
1287 2838 1399 2902 eodem

268 2962 363 3015 senso
387 2949 434 3013 bis
457 2954 638 3028 usurpatum
660 2948 708 3011 ait.
753 2948 841 3022 Quae
860 2963 937 3010 aero
961 2950 1008 3011 uis
1029 2948 1102 3011 huic
1123 2950 1297 3031 pronomini
1320 2967 1398 3032 pro-

268 3063 336 3144 prie
357 3061 498 3124 subiecta
519 3059 592 3121 esti
626 3056 700 3120 Rem
722 3056 851 3121 alteram
873 3058 946 3121 iliud
970 3061 1098 3141 opponit
1117 3061 1218 3136 alteri,
1242 3078 1323 3142 quae
1345 3067 1398 3124 aot

268 3171 407 3238 eiusdem
429 3172 555 3255 generis
577 3169 619 3232 sit
639 3174 693 3231 aui
715 3168 818 3249 atiquo
841 3168 967 3232 uinculo
990 3187 1059 3232 cum
1090 3170 1397 3255 priorecciraereat

182 3316 186 3323 1
266 3284 375 3366 itaque
393 3282 537 3365 quoniam
558 3281 591 3342 in
613 3279 676 3357 eis,
707 3295 786 3359 quae
807 3278 1013 3359 antecedunt,
1040 3285 1160 3345 montes
1183 3282 1251 3344 lcoi
1272 3281 1390 3347 uitandi

374 3536 401 3606 i)
420 3535 573 3604 Reinganum
592 3535 609 3593 1.
626 3554 649 3589 c.
668 3553 695 3604 p.
713 3537 773 3592 329.
810 3536 1086 3604 vosmetispsos.

370 3631 400 3700 2)
417 3630 536 3698 descirpt
555 3632 585 3697 ii,
602 3649 627 3700 p.
645 3632 704 3686 154.

370 3724 401 3795 3)
418 3726 479 3779 urm
497 3734 524 3777 et
543 3726 639 3789 uerba,
656 3742 722 3796 quae
739 3727 822 3779 statim
840 3732 991 3793 sequantur,
1020 3722 1179 3791 κροτάφων
1205 3722 1256 3776 (ἐπ’
1284 3722 1392 3792 αὐτῶν,

266 3823 380 3893 quamuis
397 3819 562 3874 similitudinis
580 3820 692 3888 speeiem
709 3819 855 3887 praebeant,
873 3816 949 3886 longe
959 3817 1084 3882 ditarunt,
1101 3831 1159 3867 cum
1170 3814 1212 3868 hic
1221 3825 1310 3874 uertex
1326 3832 1397 3872 uoce

267 3916 425 3985 κροτάφων
442 3914 596 3984 significatus
613 3916 653 3980 sit,
671 3924 698 3967 et
713 3930 803 3969 uersus
819 3911 895 3969 847·
910 3913 1041 3981 Reinpano
1060 3920 1269 3964 commemoratus
1281 3913 1392 3975 Νείλου

266 4014 338 4078 προς
360 4009 438 4079 ου’τῷ
457 4008 580 4079 στόματι
599 4011 651 4059 καὶ
679 4007 871 4079 προςχώματι
889 4007 1033 4077 similesque
1049 4005 1116 4071 loci,
1139 4007 1166 4058 in
1194 4005 1285 4074 quibus
1304 4003 1394 4064 αὐτός

263 4105 394 4158 notionem
413 4108 531 4171 „proprie
547 4108 585 4156 stc
601 4103 700 4156 dictust
719 4104 769 4170 „im
786 4103 984 4172 engereasinn“
1003 4102 1087 4168 habat,
1104 4117 1119 4153 a
1136 4110 1224 4154 nasim
1241 4100 1300 4154 ioco
1318 4097 1395 4167 pians

264 4198 340 4251 atiani
355 4207 419 4251 sunt
454 4198 533 4252 iicmo
550 4199 626 4261 enim,
644 4205 714 4264 pato,
732 4197 894 4250 aidrmaasrit
909 4212 1003 4250 maron
1021 4197 1141 4249 montium
1156 4194 1261 4261 proprie
1276 4208 1328 4245 non
1344 4191 1394 4245 nisi

264 4292 388 4346 acumini
405 4307 462 4345 essa
479 4292 594 4345 dandam.
