3116 5200
737 363 950 430 ..24-

277 535 384 599 uorbis
416 554 480 600 non
514 526 627 603 nouam
656 539 774 602 itineris
797 547 915 620 partem
944 541 1198 617 commemorari,
1227 520 1285 603 sed
1315 541 1407 605 modo

277 645 441 712 iudicatam
459 650 636 715 accuratius
659 650 804 715 describi.
840 651 946 731 ltaque
967 657 1003 714 ut
1025 667 1107 715 nunc
1130 651 1226 714 uerba
1245 651 1406 735 leguntur,

278 756 324 820 ad'
339 775 388 837 ea,
410 775 492 840 quae
514 761 654 839 proximo
676 761 886 838 antecedunt,
923 760 1091 825 reserenda
1124 768 1215 842 atque
1238 762 1283 824 sic
1305 763 1408 842 expli-

278 867 376 931 canda
396 875 494 933 sunta=
521 871 600 948 „Per
619 870 797 953 Scytharum
819 871 989 934 Nomadum
1019 877 1134 934 terram
1163 874 1247 936 eunti
1280 873 1408 936 sinistra

276 979 333 1044 tibi
355 956 507 1066 Chalybes
536 980 709 1075 hamtuna&
754 983 898 1045 Attamen
927 1000 980 1045 res
1010 983 1053 1045 ita
1082 999 1118 1044 se
1147 973 1280 1047 habere
1292 972 1408 1064 nequit.

277 1091 354 1155 Nam
374 1092 518 1173 quoniam
544 1092 583 1155 ab
605 1091 703 1159 altera
724 1097 811 1174 parte
832 1092 980 1174 Scythas,
1006 1093 1050 1155 ab
1067 1092 1168 1155 'altera
1191 1111 1276 1156 mare
1299 1110 1409 1155 essee

279 1202 426 1265 uersibus
448 1201 623 1267 tlt-,7132
640 1202 851 1287 intellegitur,
874 1201 1059 1285 Chalybilaus
1086 1202 1176 1266 locus
1197 1205 1323 1265 omnino
1346 1220 1410 1265 non

278 1318 328 1376 eat
341 1311 480 1376 relictus.
512 1312 607 1388 Quam
622 1311 833 1398 difficultatem
850 1318 884 1374 ut
904 1290 1039 1393 tolleret,
1062 1311 1250 1396 llartungius
1274 1308 1410 1376 coniecit
1442 1320 1445 1326 '

278 1416 362 1483 data
389 1409 540 1489 λισοοῖσιν
560 1417 658 1493 πόδας
674 1417 880 1506 χρίμπτουσα
902 1398 1067 1503 §cytheraea
1086 1422 1218 1505 ἐκπερᾶν
1234 1406 1342 1501 χθόνα
1355 1424 1410 1487 id:

279 1549 339 1614 quo
361 1533 628 1599 commendatione
642 1578 646 1583 -
659 1552 758 1617 egere
786 1538 891 1615 negat
934 1533 1002 1598 Mea
1032 1551 1109 1596 uero
1140 1535 1293 1598 sententia
1317 1535 1408 1616 plane

279 1643 359 1707 uihil
379 1642 439 1706 hac
461 1646 631 1708 mutatione
653 1644 825 1727 proficitun
852 1644 928 1706 Nam
951 1649 984 1706 ut
1005 1650 1125 1707 taceam
1146 1647 1275 1707 maxime
1298 1648 1409 1709 mirum

281 1746 356 1833 csse
377 1758 438 1821 tem
460 1754 615 1834 pulchram
638 1755 967 1841 tamque-exquisitam
992 1771 1113 1832 uocem,
1136 1772 1227 1835 quam
1244 1751 1412 1829 dichronae

280 1870 340 1942 est,
363 1863 417 1927 uel
432 1858 477 1927 '‘ex
491 1864 730 1945 interpolatione
744 1864 796 1928 uel
815 1883 854 1928 ex
874 1862 998 1948 fortuita
1014 1865 1192 1946 corruptela
1208 1873 1306 1929 ortam
1329 1881 1411 1944 esse,

279 1973 386 2038 lunam
416 1981 490 2037 tunc
510 1975 542 2037 in
564 1974 656 2065 litore
679 1992 787 2037 enare
808 1990 872 2038 nou
891 1975 994 2038 solum
1017 1992 1099 2037 uoce
1126 1971 1322 2053 ἁλιστόνοις,
1354 1974 1411 2037 sed

280 2100 346 2148 non
367 2086 469 2149 minus
491 2086 590 2149 uerbo
622 2080 781 2166 ῥαχίαισιν
809 2083 982 2165 indicatur,
1013 2088 1156 2168 quoniam
1180 2089 1211 2148 in
1235 2086 1294 2150 hoe
1314 2086 1413 2150 uerbo

280 2211 405 2276 semper
437 2213 499 2259 uno
522 2188 601 2279 ''loco
631 2195 806 2285 Sophocleo
820 2195 848 2271 ¹)
879 2204 1009 2276 excepto
1032 2188 1297 2277 orae‘maritimae
1329 2197 1415 2259 notio

280 2305 373 2372 inest.
417 2306 520 2388 Atque
539 2307 566 2368 si
588 2306 671 2370 hunc
692 2297 856 2386 Sophoclis
878 2305 981 2371 locum
1003 2323 1129 2390 urgeas,
1144 2305 1236 2368 ‘uude
1252 2312 1417 2387 spectato-

280 2433 335 2482 res
356 2416 433 2481 illud
456 2416 584 2480 uerbum
612 2424 673 2480 tam
700 2417 849 2480 inusitato
872 2433 968 2481 sensu
990 2424 1062 2480 es'sc
1084 2410 1418 2480 adhibitum'diuinare

281 2530 449 2611 ponranrt
493 2528 614 2593 Deinde
636 2546 715 2592 uero
742 2544 872 2612 quorum
894 2530 1039 2592 montium
1061 2530 1167 2610 iugum
1191 2528 1251 2589 hoc
1273 2527 1345 2590 loco
1367 2528 1417 2589 in·

279 2638 487 2722 tellegendum
509 2640 581 2701 ‘estt
624 2639 701 2701 Num
725 2638 907 2701 Caucasus?
951 2635 1003 2699 Ad
1019 2637 1102 2698 hunc
1121 2638 1213 2718 uirgo
1234 2655 1331 2700 uersu
1351 2638 1415 2702 719

280 2750 404 2814 demum
427 2748 522 2813 uenit.
566 2747 616 2810 An
632 2746 785 2828 Rhipaeit
829 2747 866 2808 Hi
886 2754 1006 2810 montes
1029 2747 1069 2810 de
1092 2747 1239 2831 Aeschyli
1261 2742 1417 2812 sententia

279 2864 313 2925 in
334 2861 466 2945 regione
494 2859 680 2923 occidentali
708 2859 853 2921 iacebant
861 2861 899 2933 2).
931 2857 1030 2921 -Alius
1052 2876 1130 2921 uero
1151 2858 1294 2942 Scythiae
1323 2874 1412 2925 mons

279 2973 427 3056 Aeschyli
448 2976 548 3034 aetate
567 2971 704 3034 nondum
727 2952 797 3033 (arat¹
814 2969 954 3046 natust).
997 2974 1022 3036 Ε
1042 2952 1200 3041 contrario
1223 2967 1266 3032 dc
1285 2970 1414 3051 planitie

280 3080 434 3148 hocloco
457 3081 653 3165 cogitandum
676 3098 748 3144 esse
770 3098 838 3144 cum
851 3079 984 3162 Scythae
996 3081 1150 3145 Nomades
1176 3083 1244 3163 ipsi,
1268 3083 1321 3163 qui
1336 3100 1415 3146 nun·

280 3213 372 3277 quam
386 3195 419 3256 in
434 3193 605 3256 montuosis
627 3192 720 3255 terris
742 3186 894 3272 patentur,
916 3191 1101 3254 tumuerba
1125 3196 1219 3272 στεῖχ’
1239 3183 1415 3272 ἀνηρότους

279 3302 358 3389 γῦας
390 3303 566 3368 ostendunt.
611 3302 686 3365 Cum
709 3302 806 3379 igitur
824 3284 1137 3383 uerbum'yiayae'aaom
1156 3309 1276 3365 montes
1296 3303 1415 3387 signiti-

282 3434 356 3482 care
377 3424 520 3497 nequeat,
543 3414 685 3492 eflicitur,
707 3420 741 3476 ut
763 3413 807 3490 lo,
833 3410 903 3475 dum
916 3413 1094 3495 Scytharum
1108 3413 1278 3478 Nomadum
1299 3421 1414 3477 terram

280 3535 438 3605 transeat,
466 3544 550 3588 mare
571 3531 729 3606 sequatur.
774 3509 1077 3604 Difficultas'igitun
1099 3534 1189 3604 quam
1212 3541 1306 3605 supra
1329 3524 1414 3586 dixi-

281 3656 349 3704 mus
371 3638 404 3702 in
426 3654 464 3701 ec
485 3653 557 3699 esse
578 3636 720 3716 positam,
741 3632 824 3714 quod
848 3633 915 3697 loni
937 3650 993 3713 per
1009 3633 1178 3697 Nomadum
1193 3640 1306 3698 terram
1330 3637 1414 3698 eunti

281 3751 391 3818 eodem
407 3757 574 3828 temporea
593 3747 720 3809 sinistra
735 3750 767 3807 et
778 3742 930 3824 Chalybes
946 3749 977 3805 et
994 3762 1079 3807 mare
1100 3759 1172 3807 esse
1195 3763 1257 3809 non
1281 3745 1412 3826 possint,

369 4006 416 4110 ,0
433 4040 462 4095 ln
478 4039 589 4109 Etymol.
601 4039 690 4110 llaguo
708 4058 728 4094 ι.
743 4058 767 4094 ιι.
780 4042 877 4110 Ῥαχις
893 4041 990 4109 Ρ·702.
1009 4058 1034 4096 ιι.
1045 4020 1080 4093 50
1098 4039 1162 4092 haec
1180 4039 1309 4093 dicuutur:
1329 4040 1413 4106 παρα

281 4132 315 4189 δὲ
330 4136 484 4205 Σοφοκλεῖ
504 4133 595 4204 ῤαία
613 4136 726 4205 λέγεται
746 4133 763 4199 y‘
783 4139 835 4189 τοῦ
853 4134 951 4206 ὅρους.

383 4230 414 4300 2)
431 4231 530 4301 Fragm.
551 4230 609 4286 lat.
718 4235 720 4241 '
780 4250 781 4253 ¹

383 4324 415 4399 3)
431 4322 526 4378 Certim
543 4325 667 4380 Herodoti
684 4325 880 4394 descriptionum
899 4323 1025 4392 Scyhiaa.
1067 4369 1070 4374 .
