3116 5200
628 392 838 494 ..253

170 567 322 652 llartungl
361 567 560 641 coniectura,
591 580 671 646 quae
703 584 743 627 ne
772 583 828 645 per
845 582 885 627 se
908 565 1030 646 quidem
1053 565 1220 646 probabilis
1243 571 1306 643 est,
1403 605 1407 611 -

170 670 266 742 nullo
294 676 387 740 ruodo
417 676 541 739 tollitur.
560 674 669 748 xlliltil
691 690 769 757 ergo
791 681 908 755 restat,
941 676 999 738 nisi
1023 682 1058 737 ut
1079 676 1220 738 lacunam
1242 675 1303 740 boc
1346 714 1348 723 ι

174 789 245 851 Ιοοο
273 798 347 850 osse
368 793 546 849 statuamus.
590 784 675 859 onae
703 786 855 849 sententia
878 787 1007 849 maxime
1031 804 1069 847 eo
1091 787 1302 864 confirmatur,

149 898 256 979 quod
271 896 513 982 diatogtpartes
535 896 571 958 ut
583 896 614 958 in
634 898 708 960 altis
727 897 898 981 tragoediis
917 898 962 960 sic
982 899 1013 959 in
1037 899 1103 978 ipsa
1112 897 1302 973 ‘Prometheo

170 996 403 1075 accuratissime
425 1009 483 1071 sibi
506 1007 707 1087 resmndent,
727 1013 763 1070 ut
784 1009 969 1072 Ribbeclu‘us
992 1010 1023 1071 in
1046 1009 1303 1072 commentatione

173 1121 233 1198 ,de
256 1117 339 1197 orte,
362 1118 658 1200 qoodesolrylosa‘o
671 1118 857 1183 Prometheo
882 1121 990 1197 oiaeto
1009 1120 1157 1183 discordia
1178 1136 1303 1200 compo-
1391 1138 1402 1157 ¹

169 1231 299 1308 aseriffl,
322 1228 443 1294 llerrme
456 1226 540 1294 1858
551 1228 636 1293 edita
640 1229 785 1310 plurimis
799 1230 947 1310 exemplis
967 1231 1056 1293 nobis
1070 1227 1302 1293 demonstrauit.

172 1343 279 1423 ltaque
296 1341 388 1404 etiam
404 1339 488 1402 lonis
511 1340 776 1405 enumerationem
791 1340 945 1433 laborum,
966 1357 1046 1427 quos
1066 1348 1126 1403 tum
1149 1341 1208 1403 ia'm
1230 1357 1303 1420 per-

169 1453 292 1531 tulerit,
321 1449 496 1515 Promethei
518 1444 750 1529 uaticinationi,
783 1466 862 1531 quae
890 1453 961 1514 uiae
986 1460 1149 1532 praeterea
1173 1452 1201 1514 ei
1222 1468 1299 1532 per

170 1560 334 1646 uaqandae
355 1563 441 1645 sint,
473 1557 677 1664 respondere
701 1563 873 1625 uerisimile
902 1569 960 1627 est.
1005 1542 1210 1638 Quamobrem
1233 1577 1302 1625 cum

170 1673 253 1737 illius
270 1671 365 1735 uerba
381 1686 492 1735 uersus
510 1634 714 1755 quadraginta
737 1679 864 1753 septem,
885 1672 975 1736 huius
997 1690 1075 1736 uero
1098 1670 1302 1754 quadraginta

172 1785 372 1875 ductantem
396 1774 584 1887 compleant,
606 1784 743 1863 quinque
766 1780 877 1846 nerem
898 1784 1009 1847 abesse
1032 1783 1194 1861 uidentur,
1217 1800 1301 1864 quo

172 1913 240 1958 rum
268 1908 362 1957 unum
383 1898 455 1973 post
476 1910 603 1956 uersum
624 1894 689 1957 717
715 1893 888 1956 desiderari
919 1912 992 1958 οιοιι
1013 1893 1301 1971 demonstrabimus,

170 2006 213 2068 ita
236 2010 287 2083 ut,
318 2006 346 2068 si
367 2005 547 2069 conlectura
570 1981 653 2082 stet,
686 2010 840 2084 quattuor*
854 2010 922 2083 post
942 2021 1067 2073 uersum
1090 2002 1154 2068 713
1175 2006 1302 2066 interci-

166 2097 286 2180 derint.
331 2104 413 2190 Quid
435 2128 513 2176 uero
536 2112 584 2176 his
607 2119 751 2194 quattuor
770 2112 914 2176 uersibus
937 2110 1181 2191 dictumluerit,
1204 2128 1302 2177 enco-

169 2226 274 2310 gitari'
296 2222 361 2287 non
388 2230 498 2306 potest.
548 2223 616 2289 Sed
640 2227 770 2307 propter
787 2224 875 2288 duas
904 2224 979 2288 alias
1008 2224 1207 2289 difficultates
1243 2225 1300 2290 ali·

169 2337 243 2419 quid
265 2337 445 2401 coniectura
467 2353 556 2401 esse’
572 2342 761 2400 consecutus
784 2335 856 2398 milri
879 2336 1000 2401 uideor.
1043 2336 1076 2399 ln
1098 2318 1193 2400 uersu
1220 2337 1301 2399 enim

170 2447 234 2512 712
249 2466 313 2529 apro
335 2448 440 2510 uerbis
468 2442 539 2505 ἀλλ’
562 2440 742 2515 ἁλιστόνοις
775 2440 874 2515 πόδας
898 2441 1105 2525 χρίμπτουσα
1124 2442 1294 2525 ῥαχίαισιν,
1359 2437 1362 2441 ’

170 2576 251 2641 quae
272 2557 399 2637 primum
421 2556 453 2618 in
476 2548 614 2618 editione
629 2555 764 2622 l'utnehi
787 2554 868 2618 lecta
888 2560 995 2635 postea
1012 2558 1049 2618 ab
1070 2557 1210 2620 omnibus
1232 2555 1301 2635 lere

170 2660 340 2733 editoribus
362 2673 489 2748 recepta
509 2672 600 2744 sunt,
635 2666 737 2729 codex
758 2663 915 2730 lllediceus
938 2668 1097 2748 ceterique
1117 2684 1225 2733 omnes
1245 2664 1301 2749 yd.

170 2779 270 2850 ποδας
289 2777 447 2841 exhibent.
492 2777 576 2840 llaec
596 2776 718 2857 quidem
741 2765 905 2841 difficultas
926 2779 1016 2840 etiem
1039 2778 1209 2840 llermanui
1228 2796 1302 2859 spe·

170 2889 342 2953 ciosissima
355 2889 534 2953 coniectura
550 2893 741 2967 renouetur,
765 2888 816 2968 qui
832 2881 914 2948 ἀλλὰ
926 2880 1188 2969 γυῖίἁλιστόνοις
1203 2889 1301 2970 χρᾲι

169 3021 293 3062 ιιιοιιιιιι
319 3000 490 3082 proposuit,
519 2992 619 3071 πόδας
643 2997 799 3081 glossema
819 2997 906 3060 uocis
939 3002 1015 3080 yolo
1043 3015 1115 3061 esse
1151 3017 1299 3063 censens:

171 3124 353 3192 quamquam
375 3111 485 3179 mirum
508 3115 558 3172 est
585 3113 616 3170 et
636 3116 727 3189 γυῖα,
757 3106 841 3190 quod
861 3106 1046 3173 uocabulum
1069 3112 1194 3175 omuino
1219 3112 1299 3192 apud

168 3222 309 3304 tragicos
318 3222 345 3299 ¹)
373 3221 564 3284 rarissimum
578 3208 637 3300 est,
659 3219 717 3283 hac
728 3216 795 3300 ipsa
807 3222 938 3284 notione
951 3220 1072 3302 pedum,
1085 3220 1177 3305 >quod
1192 3222 1301 3302 sciam,

169 3349 321 3413 nusquam
342 3332 475 3396 inueniri
493 3349 625 3414 nequeo
642 3332 801 3395 codicibus
816 3322 900 3395 octo
911 3329 979 3411 νοΐ
1000 3324 1179 3405 ἁλιστόνοις
1198 3327 1300 3406 πόλις

169 3443 222 3506 uel
242 3439 331 3521 cillo,
344 3440 497 3525 γοιλιοὸας
516 3435 696 3513 ἁλιστόνοις
722 3440 889 3522 praeberi,
920 3442 976 3506 sed
996 3445 1028 3505 iu
1051 3444 1098 3511 eis
1118 3443 1186 3524 yai'
1205 3445 1238 3508 in
1259 3447 1300 3533 ’γυ

168 3555 366 3637 deprauatum
385 3558 458 3634 post
478 3547 658 3624 ἁλιστόνοις
686 3570 758 3624 esse
779 3554 930 3635 positum,
968 3555 988 3616 d
1008 3560 1076 3639 γον
1096 3573 1180 3621 uero.
1198 3558 1299 3624 inter.

168 3666 291 3730 cidisse.
334 3647 442 3744 Neque
471 3662 530 3726 hac
557 3663 680 3729 ratione
707 3664 861 3728 lectiones
882 3685 916 3744 γε
936 3660 1035 3740 πόδας
1055 3675 1086 3731 et
1107 3666 1300 3749 yvooc‘nod'ag

169 3796 187 3840 a
207 3776 435 3840 recentioribus
457 3775 632 3838 scholiastis
667 3783 924 3839 commemoratae
947 3795 1068 3860 neque,
1096 3776 1178 3861 quod
1201 3774 1298 3841 multo

167 3889 295 3952 maioris
333 3888 478 3951 momenti
511 3892 582 3965 est,
608 3862 751 3949 lledice'i
784 3863 972 3952 scholiastae
1007 3890 1104 3953 uerba
1134 3889 1298 3971 explican-

167 4008 219 4063 tur
254 3996 429 4063 adnotantis
464 3987 613 4071 ἔθυς’
592 4016 662 4055 αντι
697 3994 754 4056 τοῦ
785 4002 942 4076 γηγενεῖς,
978 4000 1061 4073 τινὲς
1092 3998 1296 4081 γομνίνιοδας

168 4109 259 4191 Quod
295 4126 364 4174 cum
389 4108 568 4188 scriberet,
597 4125 667 4172 eum
704 4107 797 4197 aliam
825 4125 933 4172 uocem
962 4115 1054 4191 atque
1082 4101 1221 4187 γύννιδος
1248 4111 1297 4175 le.

271 4349 391 4419 ι-ιλιιι
409 4349 871 4421 οιριιιιιιιιιιιιιιιιιιριιιι
927 4363 930 4369 ’
