3116 5200
731 495 944 562 ..12-

273 676 374 735 aetate
393 671 425 733 io
441 668 564 751 Scythia
577 687 594 731 a
607 667 735 732 Graecis
755 667 833 731 baec
850 668 976 733 condita
990 678 1079 733 erant
1094 671 1227 752 oppidu:
1252 673 1340 737 istria
1364 674 1406 737 ad

273 782 387 844 ostium
402 782 471 844 istri
482 777 518 860 ¹),
538 777 740 861 Borysthenis
757 778 920 842 siucOIbia
936 778 976 841 ad
991 778 1129 861 Hypanis
1140 782 1409 866 Borysthenisquo

273 887 516 970 oonfluuiuor2),
547 888 710 951 Cercinitis
744 888 784 951 ad
820 888 922 951 sinum
951 888 1192 972 corripiunt),
1225 891 1349 957 tiramni
1372 895 1407 956 in

273 1001 435 1081 Europaeo
458 1000 549 1063 titore
571 995 731 1073 Maeotidis
760 1013 853 1079 supra
876 998 1036 1061 ‘dauricaor
1058 1000 1271 1080 paeninsulam
1279 1000 1318 1085 ⁴),
1340 1003 1408 1067 Ge·

272 1112 363 1186 lonus
388 1111 462 1173 urbs
485 1111 516 1173 iu
539 1127 577 1172 ca
598 1109 741 1190 regione,
762 1126 842 1190 quac
864 1126 945 1172 nuno
961 1107 1100 1175 Saratow
1122 1112 1307 1196 unocurt:
1329 1116 1408 1195 qui..

270 1221 328 1286 bus
350 1220 471 1303 oppidis
493 1221 543 1283 nia
565 1226 771 1283 mercatorum
794 1218 1033 1283 demonstratur.
1076 1220 1124 1284 illi
1146 1223 1228 1284 enirn
1258 1223 1347 1287 Olbia
1364 1224 1406 1287 ad

272 1333 396 1396 Tanaim
418 1330 711 1411 proficiscebantur,
741 1328 856 1393 deinde
885 1348 962 1393 uero
986 1331 1055 1394 eiua
1075 1340 1166 1414 atque
1185 1331 1252 1397 Rha
1270 1333 1406 1399 fluminis

271 1460 395 1506 cursum
425 1441 479 1504 diu
509 1441 609 1503 secuti
641 1441 681 1503 ad
710 1440 884 1505 Norossurn
914 1448 1047 1505 montem
1075 1460 1112 1506 se
1134 1444 1359 1508 conuertebant
1367 1443 1406 1527 Β).

271 1554 338 1629 Oua
366 1571 403 1617 re
432 1554 523 1617 ctiam
557 1552 746 1635 explicatur,
777 1569 833 1615 cur
861 1551 915 1615 uel
944 1552 1095 1617 Herodoti
1126 1555 1326 1619 narrationes
1360 1556 1403 1618 dc

273 1664 400 1727 remotis
422 1665 545 1745 populis
566 1664 598 1724 in
621 1654 775 1744 aquilonis
797 1663 935 1745 partibus
954 1664 1035 1743 aitis,
1055 1665 1108 1745 qui
1132 1665 1202 1728 huic
1224 1666 1296 1731 uiae
1318 1665 1405 1728 adia-

271 1774 405 1854 cebant,
426 1774 638 1837 accuratiores
669 1775 875 1855 uerioresque
906 1774 985 1850 sint,
1008 1792 1097 1857 quarn
1118 1773 1158 1837 da
1179 1778 1405 1858 propinquiore

271 1886 405 1949 Taurica
428 1884 617 1964 paeninsula.
650 1881 745 1945 Errat
764 1883 860 1965 igitur
882 1883 1040 1968 Mepcrus,
1064 1902 1132 1949 cum
1154 1903 1224 1969 pop.
1240 1884 1279 1950 15
1294 1871 1404 1950 ornnes

273 1997 360 2061 Ponti
382 1996 499 2060 Euxini
520 2012 592 2059 oras
612 2013 630 2057 a
652 1992 779 2061 Graccis
799 1992 952 2058 habitatas
976 2003 1008 2059 et
1036 1996 1195 2079 multiplici
1216 1999 1403 2062 commercio

271 2108 452 2170 coniunctas
474 2105 535 2170 iliis
557 2104 746 2187 temporibus
769 2105 946 2170 notissimas
969 2106 1065 2171 fuisse
1085 2108 1170 2174 dicit.
1214 2109 1300 2184 Quae
1330 2110 1403 2190 opi-

269 2219 321 2280 nio
353 2234 422 2279 cum
444 2217 484 2280 de
507 2217 693 2279 occidentali
712 2217 812 2280 litoris
833 2223 921 2297 parte
940 2216 1078 2301 pacnc⁷)
1097 2238 1172 2285 uera
1194 2222 1254 2293 sit,
1268 2219 1307 2284 de
1330 2221 1401 2284 ori-

269 2328 364 2392 entali
377 2334 478 2391 tamen
498 2327 661 2390 falsissima
685 2325 781 2407 esar),
803 2324 888 2407 quod
911 2328 942 2389 in
958 2329 1316 2410 Aeschyloaxplicando
1334 2348 1399 2393 non

150 2430 156 2433 ⁷
250 2434 356 2520 'parui
378 2444 426 2503 est
449 2438 603 2501 momenti.
638 2436 756 2514 Quibus
779 2436 927 2519 expositis
943 2436 1054 2501 iarnad
1068 2439 1206 2504 instituta
1221 2458 1401 2525 pergamus.

372 2693 400 2763 1)
417 2694 512 2749 Herod.
530 2693 560 2758 11,
578 2692 622 2749 33.

369 2787 399 2855 2)
416 2786 509 2840 ilarod.
526 2785 588 2851 illl,¹
598 2787 639 2843 tr.

370 2881 402 2953 3]
418 2882 456 2938 lb.
472 2883 506 2935 55
524 2891 551 2935 ot
567 2881 609 2938 99.

369 2977 452 3048 t)1b.
473 2979 539 3034 tto,
610 3036 614 3041 ,

368 3071 399 3140 5)
416 3072 453 3128 iit.
473 3072 530 3128 tou

369 3167 399 3237 6)
416 3165 472 3221 Hoc
489 3182 522 3221 ox
538 3165 661 3220 Herodoti
678 3181 736 3232 cap.
754 3164 788 3220 23
807 3175 832 3219 et
848 3163 882 3220 24
899 3165 957 3219 libri
974 3168 1018 3220 [ΙΙΙ
1037 3167 1136 3222 elucet:
1157 3169 1209 3221 aci
1233 3169 1289 3238 γάρ
1314 3171 1397 3222 Σκυ-

266 3266 348 3317 osor
365 3264 443 3321 τινὲς
455 3261 651 3316 ducentenos
668 3261 697 3317 ἐς
710 3257 818 3323 αὐτούς
833 3262 1037 3330 (φαλακρούς)
1057 3266 1117 3317 τοῖν
1136 3262 1174 3315 od
1188 3262 1317 3330 χαλεπόν
1334 3264 1396 3316 ἐστι

267 3359 422 3410 πυθέσθαι
440 3359 491 3410 καὶ
506 3355 649 3421 Ἑλλήνων
674 3357 733 3410 noir
757 3340 789 3409 ἶκ
807 3355 1012 3424 Βορυσθένεός
1035 3373 1064 3409 ra
1089 3358 1234 3429 ἐμπορίου
1263 3358 1314 3409 καὶ
1338 3358 1397 3410 abir
1437 3418 1438 3421 p

268 3451 362 3505 ἄλλων
378 3453 540 3507 Ποντικῶν
558 3454 720 3529 ἐμπορίων.

369 3549 399 3617 7)
417 3547 494 3606 tetur,
507 3548 649 3613 Herodotus
675 3548 701 3599 in
718 3547 783 3603 latro
806 3545 907 3602 flumine
933 3547 1007 3601 noddo
1031 3551 1143 3614 omoit3
1165 3549 1254 3602 confer
1276 3547 1394 3602 Niebuhr.

270 3659 360 3713 opusc.
377 3642 436 3711 pbii.
453 3652 479 3695 ot
496 3643 554 3700 bist.
573 3645 592 3710 1,
610 3660 636 3711 p.
659 3643 707 3699 156
724 3660 764 3711 sq.
782 3642 835 3699 356
852 3660 910 3714 sqq.
1088 3702 1093 3709 ,

365 3737 399 3809 8)
416 3739 511 3792 Conior
527 3739 609 3806 locos,
629 3755 693 3809 quos
710 3754 768 3809 pag.
779 3720 814 3793 'il
834 3757 858 3792 u.
877 3737 910 3793 25
928 3756 967 3809 sq.
987 3741 1189 3793 commemoraui.
1270 3785 1272 3790 .

679 4012 986 4025 ——n—-u——b-
