3116 5200
620 396 830 499 ‘2⁵³‘

162 572 314 657 flartungi
353 572 552 646 eonieetura,
583 584 663 650 qnae
694 588 735 631 ne
764 588 820 650 per
837 586 877 631 ¹se
900 569 1022 650 quidem
1045 569 1212 650 probabitis
1236 575 1297 647 est,
1395 609 1399 616 -

162 675 259 747 nuito'
287 681 379 745 modo
409 681 533 744 totlitur.
552 679 661 753 ,Nihil
684 696 761 762 ergo
784 686 900 758 restat,
933 680 991 742 nisi
1016 687 1050 741 ut
1071 679 1212 743 laounam
1234 679 1295 743 boa
1338 722 1340 728 a

165 794 237 856 ioco
265 803 338 855 esse
360 798 538 854 statuamus.
582 790 667 865 Quae
695 791 846 854 sententia
870 792 1000 853 maxime
1023 808 1062 852 eo
1084 791 1294 868 confirmatur,

78 930 80 933 ’
141 932 145 937 ’
162 903 248 985 quod
263 901 380 987 dialogi
401 908 505 982 partes
527 906 562 962 ut
575 901 606 962 in
627 902 701 964 attis
719 901 890 985 tragoediis
909 902 955 963 sic
975 903 1005 962 in
1030 901 1294 981 ipsairometireo

162 1000 395 1078 accuratissime
417 1013 476 1076 sibi
498 1011 699 1091 respondent,
720 1019 755 1074 ut
776 1013 962 1076 Ribbeckius
985 1014 1016 1074 in
1038 1013 1314 1075 commentatione<

165 1126 225 1203 ,ite
248 1122 331 1201 orte,
354 1142 418 1205 quo
428 1123 606 1205 Aeschylos
616 1125 651 1186 in
663 1123 849 1187 Prometheo
875 1125 982 1201 pineto
1002 1124 1149 1186 diuerbio
1170 1140 1295 1204 eampo-
1384 1142 1395 1161 1

161 1236 291 1314 aaariffl,
315 1233 435 1298 Bernae
447 1230 532 1299 1858
543 1233 625 1296 edita
633 1233 777 1314 piurimis
792 1234 940 1314 exemplis
959 1234 1049 1296 nobis
1063 1231 1294 1297 demonstrauit.

164 1348 271 1428 itaque
288 1346 380 1408 etiam
396 1344 480 1407 tonis
504 1346 768 1409 enumerationem
784 1344 937 1437 taborum,
958 1361 1039 1431 quos
1058 1350 1119 1407 tum
1142 1345 1200 1407 iam
1223 1361 1295 1423 per-

160 1457 284 1536 tulerit,
313 1454 488 1520 Promethei
509 1450 742 1534 uaticinationi,
775 1470 855 1535 quae
883 1457 953 1518 uiae
980 1463 1142 1537 praeterea
1165 1456 1193 1516 ei
1215 1471 1291 1535 per

162 1565 327 1651 negandae
348 1567 433 1648 sipt,
464 1563 670 1668 respondere
693 1567 865 1629 uerisimile
895 1574 952 1630 est
997 1566 1202 1642 Quamobrem
1225 1581 1295 1627 eum

162 1679 245 1742 iiiios
262 1676 358 1740 uerba
373 1693 485 1740 uersus
502 1638 719 1760 quadraginta
729 1682 856 1757 septem,
872 1676 968 1740 buius
990 1694 1067 1739 uero
1090 1673 1295 1757 quadraginta

165 1790 227 1879 duo
250 1793 364 1852 tantum
389 1780 578 1866 compleant,
598 1789 735 1869 quinque
759 1804 870 1850 uersus
890 1788 1002 1850 abesse
1024 1787 1187 1865 uidentur,
1210 1804 1294 1867 quo-

164 1918 232 1963 rum
260 1914 354 1962 unum
376 1904 447 1978 post
468 1915 595 1961 uersum
617 1898 681 1961 717
708 1898 881 1961 desiderari
912 1917 984 1960 mox
1006 1898 1294 1973 demonstrabimus,

162 2011 206 2073 ita
229 2015 280 2088 ut,
310 2011 339 2072 si
360 2011 540 2072 coniectura
563 2013 645 2087 stet,
679 2013 825 2091 quattuor
846 2013 915 2087 post
935 2026 1060 2077 uersum
1083 2006 1146 2071 713
1167 2009 1295 2069 interei-

158 2102 279 2184 'darint
324 2108 406 2194 Quid
427 2122 506 2181 uero
528 2117 577 2181 his
600 2122 743 2201 quattuor
762 2117 907 2180 uersibus
929 2116 1174 2195 dictumiuerit,
1197 2120 1294 2181 ex'oo-

161 2231 267 2315 gitari‘
289 2246 354 2292 non
380 2235 491 2311 potest.
541 2227 608 2292 Sed·
632 2234 761 2311 propter
779 2228 867 2291 onas
897 2229 971 2291 atias
1001 2228 1199 2292 difficultates
1235 2230 1293 2293 ali-

162 2343 236 2423 quid
257 2342 437 2406 coniectura
460 2357 548 2404 asse·
565 2346 754 2405 consecutus
777 2339 857 2403 mibi·
871 2340 993 2405 uideor.
1036 2340 1070 2403 ln
1091 2357 1185 2404 uersu
1213 2341 1293 2403 enim

162 2453 306 2536 712¹pr0
328 2453 433 2515 uerbis
461 2447 532 2510 ἀλλ’
555 2445 734 2518 ἁλιστόνοις
768 2445 867 2519 πόδας
891 2445 1098 2529 χρίμπτουσα
1116 2446 1287 2529 ῥαχίαισιν,
1352 2441 1355 2444 ,

163 2581 244 2647 quae
264 2562 393 2642 primurn
414 2561 446 2623 in
469 2553 607 2623 editione
622 2559 757 2627 Turnebi
780 2558 861 2622 ieota
881 2566 988 2640 postea
1004 2561 1042 2623 ab
1063 2561 1203 2624 omnibus
1225 2560 1294 2639 iere

163 2670 333 2739 editoribus
355 2679 481 2752 recepta
502 2676 593 2749 sunt,
628 2671 730 2735 eodan
751 2668 908 2734 Medioeus
931 2672 1091 2753 ceterique
1110 2688 1218 2737 omnes
1238 2667 1294 2753 pai.

163 2785 263 2856 πόδας
282 2783 440 2846 exhibent.
485 2782 569 2845 Haec
588 2781 713 2863 quidem¹
735 2769 898 2845 difficultas
919 2783 1009 2843 etiarn
1032 2782 1202 2844 Hermanni
1221 2800 1295 2864 spe·

163 2896 335 2960 oiosissima
348 2894 527 2958 oonieetura
543 2898 734 2972 renouatur,
757 2892 808 2972 qui
824 2886 907 2952 ἀλλὰ
919 2888 987 2973 γαῖ’
1003 2884 1181 2962 ἁλιστόνοις
1196 2893 1294 2973 χρόμ·

162 3027 286 3068 πιοσσα
312 3005 484 3088 proposuit,
512 2997 612 3074 πόδας
636 3002 792 3086 glossema·
812 3001 899 3065 uocis
932 3006 1008 3084 poia
1036 3019 1108 3065 esse
1124 3042 1127 3049 =
1144 3020 1292 3067 censens:

164 3130 346 3198 quamquam
368 3116 478 3183 miram
500 3119 552 3177 est
578 3118 609 3175 et
629 3121 720 3194 γυῖα,
750 3110 833 3194 quod
854 3104 1039 3178 uocabulum
1062 3115 1188 3178 omnino
1212 3115 1291 3195 apud

161 3228 301 3310 tragicos
311 3227 338 3304 ¹)
366 3226 557 3290 rarissimum
571 3230 630 3305 est,
652 3221 730 3288 bae
721 3242 788 3305 apsa
800 3226 931 3290 notione
943 3223 1064 3305 pedum,
1086 3224 1170 3306 quod
1185 3226 1294 3305 seiam,

162 3355 314 3418 nusquam
335 3338 468 3401 inueniri
486 3354 618 3419 nequeo
635 3336 794 3400 codicibus
805 3326 893 3399 ‹itt-ti
904 3343 962 3415 γνῑ
963 3328 1172 3408 ’ἁλιστόνοις
1191 3330 1292 3410 πόδας

161 3449 215 3512 uel
235 3444 320 3511 α’λλό
320 3446 490 3530 γυίποόιις
509 3440 689 3517 ἁλιστόνοις
715 3445 881 3528 praeberi,
913 3447 999 3511 sed
988 3464 1022 3510 ιιι
1045 3448 1090 3510 ais
1111 3447 1179 3528 σοι’
1199 3449 1232 3512 in
1253 3449 1293 3547 'po

160 3561 360 3642 deprauatum
379 3563 451 3659 post
471 3552 651 3629 ἁλιστόνοις
679 3575 751 3628 esse
772 3559 923 3640 positum,
961 3559 1069 3643 ἀγόν
1090 3577 1173 3625 nero.
1191 3560 1293 3627 inter-

161 3671 284 3735 cidisse.
327 3669 438 3749 Neque
465 3667 523 3731 hae
550 3668 673 3732 ratione
700 3669 854 3733 teetionas
875 3690 909 3750 pa
929 3665 1028 3745 πόδας
1048 3678 1079 3736 et
1100 3669 1293 3753 γυμνόιοόπς

162 3801 180 3846 a
200 3781 443 3846 recentioribus
450 3779 625 3843 scholiastis
660 3788 917 3873 commemoratae
941 3800 1061 3865 neque,
1089 3781 1172 3865 quod
1194 3782 1292 3845 mutto

161 3895 288 3958 maioris
326 3892 472 3958 momenti
504 3896 575 3971 est,
613 3886 744 3955 Medioei
777 3892 965 3957 scholiastae
1000 3889 1097 3958 uerba
1127 3893 1291 3975 explican-

161 4013 212 4069 tur
248 4003 423 4069 adnotaniis
458 3992 606 4077 ἕθνος’
586 4022 656 4062 αντι
690 3999 748 4061 roo
778 4007 935 4081 γηγενεῖς,
972 4005 1054 4077 τινὲς
1085 4003 1289 4086 γυμνόιοόας.

162 4115 252 4196 Quod
289 4134 357 4180 oum
383 4114 561 4194 scriberet,
590 4131 660 4177 eum
697 4112 785 4202 aliam
818 4130 926 4176 nouem
956 4119 1047 4196 atque
1075 4107 1214 4193 γόποόας
1242 4116 1290 4180 le-

265 4354 294 4424 t)
309 4355 385 4425 spat
403 4354 556 4425 Sepboeieur
572 4355 600 4427 ii
616 4369 740 4426 nusquam
755 4353 864 4422 reperis.
