3116 5200
599 394 812 463 ..17-

142 590 205 637 non
229 570 461 637 commemorati
482 574 568 646 sunt,
590 585 726 633 necesse
744 574 801 632 est«
815 566 987 632 Caucasum
1003 569 1096 634 alicui
1110 573 1170 651 rei,
1191 591 1269 655 quae

141 701 210 748 eum
241 700 280 749 eo
315 682 502 760 cohaereat,
536 696 607 743 esse
635 678 818 769 oppositum.
872 678 1078 753 Quamobrem
1108 700 1175 746 com
1205 684 1268 747 ilu-

143 813 232 874 meu,
270 794 354 876 quod
381 812 422 857 ex
439 810 479 856 eo
503 791 617 869 oritur,
649 789 720 853 talis
742 791 783 853 sit
804 807 878 868 res,
898 791 1081 855 senteutiam
1104 810 1175 857 esse
1196 801 1270 874 puto

50 936 53 941 <
143 905 241 969 hane:
265 924 304 968 ne
327 921 445 968 amnem
468 901 709 986 transgredere,
749 901 801 983 qui
831 900 871 964 de
894 901 1033 966 caucaso
1055 903 1186 982 labitur,
1214 907 1271 968 scd

140 1018 247 1099 iugum
270 1017 388 1095 ipsum,
417 1013 502 1095 quod
530 1030 599 1075 eum
622 1012 739 1076 emittit.
783 1011 903 1075 Cursus
932 1028 1011 1096 ergo
1041 1019 1071 1076 et
1093 1012 1163 1076 tons
1196 1015 1272 1078 huoi

103 1113 106 1118 ’
143 1129 203 1191 sibi
233 1130 438 1208 opponuntur.
482 1122 543 1188 Sed
565 1130 600 1187 ut
619 1123 789 1206 largiamur
809 1119 907 1185 αὐτὸν
927 1118 1102 1185 Καύκασον
1122 1127 1272 1190 uerticem

144 1239 258 1302 montis
280 1237 468 1320 significare,
491 1240 593 1313 tamen
614 1251 679 1298 non
700 1233 815 1310 uideo,
837 1234 994 1315 quomodo
1014 1234 1088 1300 inde
1110 1236 1272 1316 eliciatur,

145 1355 181 1413 ut
203 1348 409 1413 Prometheus
432 1348 464 1409 in
484 1345 642 1410 radicibus
666 1343 798 1410 caucasi
819 1345 943 1408 uinctus
964 1345 1015 1409 sit.

253 1459 290 1522 Ei
320 1456 456 1539 denique
478 1463 597 1522 restant
627 1457 708 1536 loci,
742 1456 795 1537 qui
824 1459 918 1519 iotam
946 1456 1109 1540 regionem
1137 1458 1274 1523 uicinam

146 1571 239 1655 plane
261 1566 423 1650 desertam,
438 1584 539 1649 neque
573 1569 612 1632 ab
641 1567 713 1631 ullis
735 1567 911 1630 hominibus
939 1566 1102 1635 habitatam
1123 1585 1195 1634 csse
1217 1571 1275 1634 do-

147 1687 228 1748 cent
272 1682 352 1745 Sunt
373 1697 451 1743 uero
473 1679 520 1742 hi:
543 1671 678 1761 ἅβροτον
698 1676 742 1750 εἰς
762 1676 895 1759 ἐρημίαν
915 1675 957 1759 (u.
970 1677 1005 1760 2)
1028 1684 1060 1743 el
1080 1678 1157 1764 τῷδ’
1176 1673 1275 1743 ἀπαν-
1323 1727 1326 1731 .

145 1788 263 1877 θρόνῳ
292 1787 398 1877 tunm,
427 1786 467 1853 ἵν’
487 1783 558 1853 οὔτε
583 1788 692 1874 φωνὴν
721 1781 790 1850 οὔτε
819 1810 876 1850 τοο
900 1785 1029 1872 μορφὴν
1058 1789 1182 1870 βροτῶν
1201 1779 1276 1869 ὄψει

147 1900 214 1984 (uu.
236 1899 389 1983 20-21).
435 1902 521 1978 Quae
546 1899 586 1964 de
607 1898 746 1963 Caucaso
767 1897 941 1983 Aeschylus
963 1898 1070 1963 dicere
1085 1902 1143 1976 ,uix
1163 1902 1275 1981 potuit,

147 2030 164 2074 a
188 2029 248 2092 quo
272 2019 303 2076 et
324 2012 500 2076 Amazonas
524 2008 590 2093 (uu.
606 2009 669 2074 723
685 2015 717 2071 et
730 2006 809 2090 415)
828 2014 860 2071 et
876 2009 1011 2074 colchos
1032 2008 1078 2092 (u.
1099 2007 1179 2094 420)
1200 2029 1279 2097 pro·

148 2124 230 2186 xime
251 2121 342 2188 sedes
364 2122 481 2186 babere
502 2121 569 2202 ipse
592 2120 642 2183 ait.
686 2118 789 2200 Atque
810 2118 986 2198 Luciacus,
1020 2121 1128 2202 quiin
1151 2122 1214 2202 eis,
1237 2121 1276 2186 de

148 2233 259 2315 quibus
282 2232 375 2297 modo
397 2233 530 2314 egimus,
549 2248 618 2293 cum
640 2237 749 2293 nostra
771 2230 1039 2312 argumentatione
1061 2248 1201 2315 pugnare
1223 2234 1276 2296 ui·
1368 2226 1371 2233 “

149 2344 299 2422 debatur,
333 2343 384 2414 hic
407 2361 473 2406 eam
503 2342 635 2427 maxime
655 2340 826 2404 confirmat.
870 2339 947 2403 Nam
973 2358 1040 2404 cum
1049 2342 1277 2407 l’rometheum

149 2471 188 2518 eo
212 2454 346 2517 consilio
374 2452 413 2514 ad
444 2451 612 2516 Caucasum
635 2450 759 2513 affixum
783 2466 855 2513 esse
882 2455 1052 2530 statueret,
1081 2458 1115 2514 ut
1136 2452 1278 2518 homines
1335 2517 1341 2527 ,

149 2564 295 2628 uiderent
317 2560 440 2646 quidem
457 2579 535 2639 cum,
557 2558 613 2623 sed
628 2559 756 2623 soluere
776 2560 943 2641 nequirent
952 2558 988 2642 ¹),
1010 2560 1181 2627 caucasum
1196 2563 1278 2628 haud

151 2692 301 2757 ροοοοοιο
321 2675 358 2737 ah
382 2672 554 2738 hominibus
577 2668 733 2733 desertum
755 2670 871 2735 habuit.

238 2784 290 2847 Em
311 2784 565 2865 omnibaaipitur
585 2787 734 2863 apparet,
756 2780 972 2844 Prometheum
990 2784 1025 2845 ira
1044 2781 1195 2859 faucibus
1213 2804 1282 2849 esse

151 2896 311 2972 uinctum,
338 2912 419 2974 quae
444 2893 541 2979 οοοὶο.
558 2892 592 2953 in
606 2890 714 2957 ‚maris
736 2891 831 2952 litore
853 2891 1054 2968 iacentibus,
1091 2913 1158 2957 non
1187 2896 1280 2959 nimis

154 3007 248 3083 alth,
266 3004 472 3086 praeruptis,
494 3001 638 3083 asperis,
660 3000 841 3077 sterilibus,
863 3002 903 3064 ab
925 3001 1102 3067 bominibus
1123 3023 1282 3088 nunquam

153 3117 253 3180 oditis
285 3114 485 3196 efficiuntur:
519 3119 613 3194 atque
643 3112 723 3174 baec
750 3110 923 3194 descriptio
944 3131 1045 3194 nepae
1073 3117 1107 3178 in
1129 3118 1281 3183 uerticem

154 3225 294 3291 Caucasi
314 3242 413 3306 neque
434 3224 470 3286 in
490 3218 665 3298 inferiores
686 3223 754 3285 eius
774 3223 871 3286 colles
891 3226 1048 3289 conuenit.

262 3420 362 3502 Regio
392 3436 490 3500 uero,
524 3421 555 3482 in
587 3437 648 3501 qua
679 3419 750 3484 illos
773 3426 892 3485 montes
914 3421 1089 3505 Aeschylus
1113 3428 1217 3506 posuit
1240 3461 1279 3476 -

155 3548 226 3594 narn
247 3528 293 3593 'ad
324 3530 412 3610 primi
447 3530 555 3612 capitis
585 3528 751 3594 secuudum
779 3536 895 3611 partem
918 3532 976 3595 iam
1005 3534 1144 3599 transibo
1167 3539 1279 3603 -his

156 3642 265 3724 paucis
285 3641 391 3705 uerbis
406 3640 644 3705 determinatur:
663 3642 782 3719 χθονὸς
801 3636 861 3720 μὲν
879 3639 924 3714 εἰς
942 3642 1148 3723 τηλουρὸν
1167 3639 1283 3728 ἥκομεν

156 3749 251 3815 πέδον
271 3745 438 3829 Σκύθην
458 3749 491 3824 ἐς
511 3743 647 3832 οἶμον,
675 3744 811 3834 ὅβροτον
832 3751 875 3823 εἰς
895 3749 1070 3834 ἐρημίαν
1090 3754 1158 3839 (uu.
1184 3760 1213 3824 1.
1236 3757 1283 3841 2),

159 3856 471 3946 σιδηρομήτορα
492 3863 595 3926 ἐλθεῖν
615 3861 658 3935 εἰς
689 3855 762 3926 αἶαν
781 3862 825 3938 (tt.
848 3860 938 3944 300),
958 3860 1039 3925 ἵκετο
1061 3868 1283 3948 τερμόνιον

159 3969 213 4033 ἐπὶ
230 3968 330 4051 πόρον
349 3970 393 4054 (u.
414 3970 499 4055 117).
527 3971 680 4055 Scythiam
702 3979 802 4036 autem
821 3973 861 4037 de
883 3972 1031 4059 Aeschyli
1052 3980 1207 4043 sententia
1227 3998 1284 4062 per

158 4087 239 4145 totus
260 4083 409 4165 regiones
438 4085 695 4166 septentrionales
729 4084 802 4149 iude
824 4104 841 4148 a
864 4088 961 4150 Ponto
983 4089 1105 4152 Euxino
1126 4094 1283 4172 usquead

159 4189 315 4256 Oceanum
337 4193 526 4275 pertinuisse
555 4193 616 4259 alio
651 4195 722 4259 loco
747 4180 932 4262 docebimus.
983 4195 1085 4283 Atque
1108 4200 1285 4286 σιδηρομῆ.

267 4361 294 4433 r)
311 4363 439 4420 noem.
457 4364 484 4435 ς.
503 4365 528 4418 r.

1062 4465 1084 4530 2
