3116 5200
576 458 815 561 ku-

251 668 404 744 Quonium
420 660 515 750 igitur
529 668 701 748 pericnlum
718 668 828 731 luciam
847 667 1092 749 demonstrandi,
1116 669 1188 751 quid
1203 685 1280 751 poe·-

141 784 210 840 taan
235 778 267 838 in
290 793 348 841 eos
369 792 508 856 encres,
536 777 648 858 qulbus
671 792 742 840 eum
771 780 872 841 teneri
895 778 1087 859 uidebimus,
1112 780 1281 860 induxerit,

35 952 36 955 ,
141 888 178 949 in
202 887 400 968 praefatione
418 888 525 952 ultimo
540 888 612 952 loco
635 890 727 952 nobis
741 886 949 970 quaerendum
965 897 1023 969 est,
1046 890 1282 973 undenescny-

141 999 198 1062 lns
222 1004 254 1062 et
273 998 482 1062 Athenienses
503 998 565 1062 illis
587 999 774 1080 temporibus
797 1001 939 1063 notitiam
959 1002 1123 1084 regionum
1144 1003 1284 1082 aquilem

141 1109 363 1172 scitissimum
394 1114 589 1191 recoperint:
626 1111 788 1174 Poetarum
814 1111 1098 1191 .antiquissimorum
1131 1112 1282 1175 Homeros

142 1219 277 1300 quidem
308 1218 418 1281 debis
440 1220 533 1283 terris
554 1219 630 1283 nibil
653 1236 758 1300 nequo
779 1221 873 1284 multo
896 1222 986 1301 plura
1000 1220 1158 1285 Hesiodus
1178 1222 1282 1305 tradit,

142 1329 288 1395 Aristeas
322 1346 413 1393 uero»
430 1330 684 1409 Proconnesius,
708 1332 760 1411 qul
782 1348 884 1412 usque
903 1332 944 1394 nd
966 1331 1133 1396 lssedonas
1156 1341 1282 1418 gentem
1328 1384 1338 1409 ,

144 1440 187 1504 ad
209 1441 381 1504 llororaoor
404 1446 536 1505 montem
557 1441 746 1518 [suelliober
757 1442 844 1518 Ural]
866 1443 1051 1506 habitantem
1063 1448 1090 1523 ¹)
1108 1458 1143 1506 se
1162 1460 1281 1526 perue-

143 1551 235 1614 nisse
256 1567 319 1614 nnn
339 1551 432 1629 falso,
454 1558 490 1613 nt
509 1552 646 1630 uidetur,
669 1553 818 1636 gloriatus
842 1559 901 1632 ert,
930 1568 1065 1632 carmen,
1094 1555 1180 1635 quod
1203 1556 1281 1618 liri*

129 1660 265 1743 'anaspia
286 1660 525 1742 inscribebatur,
554 1661 730 1746 depopulls
757 1666 789 1729 in
811 1646 1043 1747 septentriones
1070 1667 1280 1746 spectantibus

144 1773 364 1856 composuit2).
417 1773 510 1851 Quod
539 1773 729 1859 Aeschylum
759 1777 887 1838 uenisse
921 1778 1013 1857 atque
1040 1785 1301 1865 secutumesse
1395 1786 1399 1795 ’

143 1884 329 1968 intelleges,
356 1887 386 1947 ri
408 1884 560 1948 Herodoti
591 1893 684 1968 capnt
713 1887 839 1949 tertium
865 1888 1015 1951 deciorum
1038 1888 1107 1951 libri
1135 1888 1191 1951 llll
1214 1904 1281 1950 curu

144 1992 322 2081 Prometbei
366 1996 464 2058 uincti
501 1997 649 2060 uersibus
684 1997 857 2061 tillir-⁴807
901 1988 1164 2079 cttrnporaueris.=
1198 1998 1282 2060 Inter

35 2140 43 2163 ·v
143 2106 322 2186 scriptores
341 2123 418 2170 uero
439 2107 593 2187 pedestris
616 2109 772 2170 sermonis
794 2114 864 2170 anto
878 2106 1068 2190 Aeschylum
1083 2108 1281 2170 unusHeca-

55 2290 64 2307 s
144 2221 236 2279 mens
266 2216 407 2280 blilesius
426 2218 577 2301 regiones
595 2220 748 2283 Ponticas
762 2218 901 2282 breuiter
923 2221 1032 2303 attigit,
1056 2236 1158 2300 neque
1179 2225 1282 2282 tanuen

144 2333 273 2409 propter
293 2329 473 2409 paucitatem
494 2327 739 2414 fragmentorum
763 2329 802 2395 ad
826 2329 1036 2395 Prometheum
1068 2330 1284 2411 explicandam

146 2440 276 2504 multum
306 2459 353 2504 ex
374 2456 416 2504 eo
447 2443 610 2507 lucramur.
654 2438 764 2522 Neque
793 2443 896 2505 minue
925 2442 1068 2527 dubitare
1094 2443 1184 2521 lieet,
1207 2456 1278 2505 num

146 2551 320 2613 Hecataeus
356 2557 430 2613 tuno
460 2551 592 2614 Athenis
615 2559 675 2615 tam
698 2558 790 2615 notus
813 2553 924 2631 luerit,
954 2560 988 2614 ut
1010 2552 1186 2633 Aeschylus
1209 2570 1278 2614 enm

147 2662 321 2742 respiceret
342 2678 474 2724 neccsse
498 2668 594 2727 esset.
632 2662 749 2725 Primus
766 2668 864 2724 autem
887 2669 988 2737 terroe
1008 2662 1141 2729 aPonte
1156 2662 1276 2731 Euxino

149 2773 188 2835 ad
209 2773 438 2852 septentriones
461 2777 630 2854 uergentes
654 2792 671 2835 a
693 2790 730 2836 se
750 2774 818 2855 ipso
838 2774 1041 2854 perlustrabas
1051 2771 1076 2854 ⁸)
1099 2773 1279 2837 Herodotus

148 2885 380 2946 accuratissimo
416 2883 583 2962 descripsit
606 2865 769 2963 falsasque
806 2884 845 2946 de
874 2887 919 2946 eis
955 2887 1125 2946 sententias
1152 2885 1277 2961 refellit,

154 2995 195 3057 ita
230 2998 263 3056 ut
291 2992 480 3074 Aeschylum
509 2994 634 3072 saepius
665 3011 787 3056 errasse
816 2993 891 3056 nihil
922 2990 1136 3057 admirationis
1161 2994 1282 3061 babeat

152 3104 226 3169 Nam
262 3121 303 3166 ne
335 3102 526 3189 Herodotum
555 3103 678 3186 quidem
709 3103 796 3194 falsis
826 3107 1023 3191 opinionibus
1051 3104 1143 3205 plane
1168 3123 1278 3170 curere

152 3232 218 3277 curn
242 3215 301 3278 alia
330 3212 495 3295 ostendunt
517 3194 580 3278 tuno
603 3233 662 3294 ea,
693 3233 773 3297 quae
794 3216 846 3280 ille
876 3217 915 3280 de
937 3217 1069 3281 'l'anrina
1096 3217 1285 3301 paeninsula

154 3344 217 3409 oap
240 3327 282 3392 99
305 3327 375 3390 libri
398 3326 464 3405 llll,
488 3327 527 3397 de
555 3326 654 3393 forma
674 3327 816 3410 Scythiae
846 3347 912 3410 cap
946 3328 1022 3407 101,
1052 3328 1092 3392 de
1120 3328 1282 3393 blaeotidis

153 3437 350 3518 amplitudine
374 3457 438 3518 cap.
462 3436 504 3501 86
526 3434 613 3499 dicit.
658 3440 725 3513 Qua
755 3436 792 3502 re
816 3446 846 3502 et
867 3439 1049 3503 Herodotus
1072 3445 1104 3501 et
1124 3441 1283 3522 posterio-

153 3564 204 3612 res
224 3550 417 3629 soriptores,
446 3549 498 3611 ubl
519 3548 664 3629 pristinas
687 3548 850 3631 opiniones
880 3558 934 3613 aut
950 3558 1119 3615 tennerunt
1139 3559 1193 3615 out
1213 3557 1283 3615 ret-

153 3660 304 3739 tulerunt,
331 3661 425 3723 multa
453 3658 604 3739 afferunt,
635 3677 653 3720 e
678 3660 805 3758 qulbus,
822 3661 896 3743 quid
919 3659 1095 3775 Aeschylus
1116 3660 1283 3727 arbitratus

152 3773 201 3851 sit,
222 3771 407 3855 intellegere
429 3772 592 3853 possimus
1115 3783 1124 3796 ‘

250 3883 417 3948 Plurimum
442 3890 547 3948 nutem
569 3884 607 3948 ad
631 3884 716 3948 orbis
739 3886 921 3949 terrarum
912 3887 1076 3969 imaginem
1104 3885 1279 3948 informan-

154 3995 218 4059 dam
242 3995 323 4077 apud
346 3995 459 4078 uulgus
481 3996 549 4059 sine
571 3994 667 4059 dubio
691 3995 837 4060 uolebant
858 3998 957 4060 nuntii
979 4004 1011 4059 et
1024 4011 1177 4075 rumores,
1201 4012 1280 4078 quos

157 4113 265 4170 nautae
288 4124 306 4168 e
328 4107 456 4171 remotis
479 4107 612 4172 coloniis
634 4107 773 4172 Athenas
795 4107 985 4173 referebant.
1029 4107 1178 4191 Aeschyli
1201 4123 1279 4169 uero

251 4276 281 4339 ll
296 4276 389 4330 Herod
406 4275 461 4342 1111,
478 4276 522 4333 26.

249 4363 280 4433 2]
297 4364 332 4417 lb.
352 4364 463 4417 13-16.
630 4362 632 4369 ‘

250 4450 280 4518 3)
298 4449 333 4502 lb.
351 4450 396 4505 el.
414 4450 484 4505 aliar.
