3116 5200
329 1314 397 1377 Τῶν
417 1311 477 1377 δἐἴ
495 1311 530 1377 τί
547 1333 599 1374 σοι
620 1309 739 1393 ψελλόν
758 1334 790 1373 τε
812 1311 867 1375 καὶ
885 1309 1081 1396 δυσεύρετον,

326 1420 534 1500 ἐπανδίπλαζε
556 1421 611 1486 καί
631 1423 741 1508 σαφῶς
761 1419 945 1501 ἐκμάνθανε.

222 1558 276 1621 llis
297 1558 403 1621 uerhis
419 1557 442 1639 ¹)
472 1558 672 1622 Prometheus
695 1563 856 1640 postquam
888 1558 955 1620 loni
982 1559 1168 1622 uaticinatus
1190 1563 1250 1637 est,

120 1688 195 1751 quas
219 1676 319 1733 terras
340 1675 425 1732 esset
454 1677 681 1754 peruagatura,
712 1669 862 1751 promittit
889 1667 1047 1748 seillam,
1075 1670 1103 1732 si
1124 1668 1197 1750 quid
1218 1672 1250 1734 in

120 1780 177 1843 hac
211 1780 331 1842 itineris
359 1778 568 1861 descriptione
608 1783 707 1843 minus
744 1779 952 1857 intellexerit,
975 1781 1154 1844 accuratius
1177 1797 1250 1844 esse

119 1890 295 1955 docturum.
343 1891 384 1954 tt
410 1891 454 1953 illi
476 1890 621 1972 quidem,
651 1890 796 1971 quoniam
824 1889 899 1952 nihil
927 1892 1119 1972 interrogat,
1149 1891 1251 1954 omnia

119 2004 211 2085 plana
241 2008 333 2082 atque
361 2007 467 2082 aperta
501 2018 574 2064 esse
597 1999 751 2063 uidentur.
797 1999 894 2063 hlultc
924 2016 1002 2063 uero
1028 2001 1126 2083 magis
1148 2003 1251 2066 inter-

122 2121 228 2196 pretes
244 2111 391 2192 Aeschyli
415 2109 453 2173 de
475 2112 569 2175 lonis»
582 2111 634 2173 uia
655 2109 795 2175 omuibus
817 2111 1005 2192 temporibus
1021 2111 1251 2178 dubitauerunt.

121 2223 242 2286 Etenim
266 2224 407 2304 quamuis
430 2222 550 2303 plurimi
574 2221 806 2302 doctissimique
830 2223 890 2285 uiri
911 2223 942 2285 in
966 2222 1045 2286 hanc
1073 2242 1138 2287 rem
1161 2225 1251 2288 etiam

120 2340 214 2416 atque
244 2336 334 2396 etiarn
362 2350 479 2397 summo
507 2331 611 2397 studio
641 2350 819 2414 summaque
840 2332 1003 2416 diligentia
1023 2335 1252 2415 inquitiuerint,

123 2443 259 2509 nondum
289 2449 390 2506 tamen
423 2443 475 2522 id,
508 2443 593 2525 quod
624 2444 823 2507 Prometheus
858 2446 973 2527 uirgini
1005 2444 1162 2525 pollicitus
1192 2451 1251 2523 est,

119 2557 161 2619 ita
181 2553 318 2617 assecuti
334 2559 415 2632 sunt,
436 2554 697 2634 utquaestionem
712 2553 750 2616 ad
767 2554 911 2634 liquidum
924 2554 1142 2636 perducerent.
1174 2555 1251 2620 Nam

122 2684 163 2728 ne
187 2664 228 2727 de
248 2664 320 2727 loco
350 2664 491 2745 quidem,
520 2683 537 2726 a
566 2682 628 2746 quo
658 2665 709 2729 illa
732 2682 876 2729 errorum
905 2666 1075 2747 descriptio
1098 2666 1250 2745 ordiatur,
1309 2746 1313 2751 ⁵

118 2775 149 2838 id
174 2780 234 2852 est,
256 2775 286 2835 in
310 2792 372 2855 quo
396 2775 597 2838 Prometheus
619 2779 741 2840 uinctus
763 2778 815 2855 sit,
839 2795 1022 2860 quamquam
1042 2777 1103 2840 hoc
1124 2775 1163 2839 ad
1185 2784 1251 2840 tra·
1318 2757 1321 2763 ⁴

121 2886 268 2970 goediam
295 2894 383 2949 recte
412 2884 652 2969 intellegendam
681 2888 802 2951 maximi
827 2894 874 2950 est
896 2890 1059 2966 momenti,
1083 2889 1144 2950 uiri
1166 2886 1250 2949 docti

121 3000 338 3075 consentiunt,
366 2997 423 3060 sed
451 2999 483 3059 in
513 2995 739 3058 diuersissimas
765 3001 869 3074 partes
899 2995 1133 3064 discesserunt
1178 3002 1246 3076 Qua

121 3109 162 3173 de
176 3129 216 3174 re
231 3112 304 3173 item
318 3114 443 3171 ueteres
458 3107 676 3190 grammaticos
692 3106 876 3188 disputasse,
898 3127 967 3173 cum
981 3111 1034 3175 alii
1050 3112 1081 3173 in
1097 3112 1250 3191 Caucaso,

122 3221 172 3284 alii
185 3223 217 3283 in
233 3219 358 3300 Europa
374 3219 413 3283 ad
429 3218 547 3283 Oceani
560 3218 635 3282 litus
650 3218 784 3281 lahulam
799 3221 851 3301 agi
862 3225 1045 3300 statuerent,
1068 3239 1109 3283 ex
1119 3220 1251 3286 Medicei

121 3332 241 3395 codicis
277 3335 467 3415 argumentis
497 3330 714 3412 intellegimus.
766 3329 825 3394 Sed
862 3330 935 3393 inde
964 3350 981 3393 a
1010 3333 1248 3415 Byzantinorum

121 3443 270 3505 memoria
292 3444 379 3524 prior
401 3442 507 3522 opinio
528 3447 656 3524 propter
680 3441 840 3524 uulgarem
856 3441 1029 3505 Promethei
1051 3443 1185 3507 lahulam
1206 3445 1249 3507 ita

120 3553 313 3636 praeualuit,
342 3561 375 3616 ut
404 3553 458 3616 uix
478 3569 559 3615 unus
580 3552 699 3615 alterue
715 3552 862 3634 Aeschyli
883 3554 1036 3633 interpres
1051 3553 1248 3617 scholiastam

121 3668 248 3728 secutus
276 3664 403 3727 alteram
433 3669 694 3728 commemoraret.
744 3662 929 3726 Schceutus
959 3661 1079 3727 demum
1110 3665 1143 3726 in
1164 3681 1250 3727 com·

121 3776 275 3837 monterio
298 3774 336 3837 ad
353 3772 538 3857 Aeschylum
561 3774 584 3851 l,
607 3791 636 3853 p.
659 3773 679 3838 9
702 3773 805 3836 multis
825 3777 1013 3858 argumentis
1034 3774 1250 3839 demonstrare

120 3882 242 3948 studuit
264 3883 476 3948 Prometheum
505 3900 569 3946 non
598 3884 629 3946 in
653 3882 805 3963 Caucaso,
826 3870 883 3948 sed
905 3885 945 3948 ad
967 3903 1075 3968 rupem
1095 3884 1247 3966 quandam

229 4119 256 4188 l)
273 4120 366 4173 doech.
385 4121 468 4173 Pronu
486 4136 528 4172 uu.
544 4120 594 4172 815
614 4130 640 4172 et
655 4120 715 4173 olo.
750 4120 778 4171 ln
799 4119 914 4174 uersibus
931 4136 963 4173 ex
977 4120 1097 4189 Aeschyli
1114 4123 1249 4191 tragoediis

122 4214 198 4268 nohis
215 4216 322 4269 seruatis
340 4214 564 4270 commemorandis
581 4215 709 4280 lliudcril,
736 4217 762 4267 iu
784 4215 929 4285 iragrneutis
946 4225 1029 4269 autern
1045 4217 1142 4272 Naaohi
1158 4234 1249 4271 nume-

123 4324 168 4361 ror
183 4324 282 4378 sequar.

1024 4406 1037 4470 i
