3116 5200
234 595 390 678 Aeschylo
414 599 532 680 maguis
565 608 711 660 uersuum
735 598 991 660 translationibus
1018 601 1266 665 succurrendum
1294 606 1364 664 esto

233 711 389 785 putarunt.
417 706 479 773 Sed
501 709 531 768 tn
554 708 604 768 tris
625 707 718 770 rebus
742 708 960 791 geographicis
977 711 1003 771 si
1020 709 1071 789 qui
1087 710 1178 777 nullis
1192 710 1259 774 aliis
1272 728 1368 794 argu·

234 818 346 881 mentis
359 832 447 897 quam
469 835 545 881 uara
568 816 709 880 locorum
730 817 915 881 condicione
926 826 1145 881 oeterorumuo
1166 829 1306 883 ueterum
1319 829 1367 883 te*

236 927 389 991 elimoniis
408 930 475 991 uisi
491 930 678 990 coniecturis
698 930 881 1010 scriptorem
898 929 1031 1008 ahquem
1049 929 1206 991 erroribus
1227 930 1369 1012 liberent,

233 1055 383 1104 emamum
410 1045 458 1101 ost
488 1039 682 1118 periculum,
704 1058 744 1102 no
766 1041 849 1102 hunc
872 1041 983 1121 ipsum,
1005 1054 1067 1102 non
1089 1041 1238 1104 librarios
1260 1046 1366 1104 cornia

233 1155 325 1232 gant,
357 1151 417 1212 nisi
445 1168 515 1212 aum
540 1152 599 1212 sibi
630 1152 728 1232 ipsum
759 1152 978 1215 contradicere
1009 1151 1308 1231 demonstrauerint,
1335 1154 1366 1215 id

234 1259 318 1339 quod
348 1276 440 1323 nemo
474 1260 597 1324 illorum
626 1264 790 1342 praestitit.
835 1266 978 1327 Attamen
1009 1261 1047 1323 do
1073 1278 1183 1325 eorum
1204 1265 1366 1326 sententiis

235 1387 295 1435 suo
319 1369 391 1433 loco
421 1369 587 1435 dicendum
617 1374 686 1435 erit.
731 1372 778 1434 lle
810 1374 923 1435 ceteris
954 1379 1054 1435 autem
1084 1373 1198 1451 renus,
1225 1392 1306 1454 quae
1328 1392 1367 1437 ex

234 1480 282 1545 his
305 1481 559 1545 translationibus
575 1501 638 1547 non
662 1483 809 1563 pendent,
825 1482 979 1566 Reisigius
1002 1486 1129 1547 omnino
1145 1502 1243 1568 agere
1257 1487 1367 1562 notuit,

235 1590 371 1658 Hochius
401 1611 464 1656 nou
493 1594 589 1658 multo
616 1595 703 1676 ptus,
733 1612 823 1674 quam
851 1597 916 1675 ipsa
940 1595 1087 1677 Aeschyli
1110 1586 1207 1658 uerba
1229 1597 1366 1676 praeter.

233 1701 381 1784 lteyorus
407 1722 508 1782 uero,
541 1707 595 1785 qui
633 1711 728 1768 totam
760 1707 971 1785 quaestionem
1002 1708 1040 1768 ad
1070 1707 1160 1768 tinem
1192 1707 1367 1788 perducere

233 1813 356 1892 uoluit,
385 1814 478 1880 multa
506 1816 627 1897 quidem
659 1817 786 1898 collegit
814 1822 905 1896 atque
934 1817 1075 1896 perbono
1106 1818 1220 1879 indicio
1251 1820 1290 1880 de
1320 1820 1368 1882 cie

235 1909 416 2004 dispirtauit,
437 1927 493 1990 sed
518 1945 644 2004 uereor,
666 1945 706 1989 ne
728 1929 833 2008 pluro,
857 1935 937 2007 quae
959 1928 998 1990 ad
1029 1926 1110 1990 ittam
1141 1929 1368 1991 diiudicandum

234 2037 414 2099 necessarie
441 2046 533 2116 sunt,
570 2040 695 2101 silentio
738 2041 989 2118 praetermiserit.
1044 2041 1146 2119 Atque
1182 2058 1367 2120 quamquam

234 2147 267 2211 in
287 2148 464 2212 uniuersum
487 2151 525 2212 eh
545 2150 694 2231 Aeschyli
717 2152 824 2213 usmis
847 2144 937 2214 uisus
961 2158 1023 2227 est,
1055 2161 1157 2213 tamen
1181 2158 1285 2213 astera
1307 2169 1367 2213 ue-

235 2263 338 2324 terum
359 2259 534 2325 testimonie
556 2262 657 2321 statim
680 2264 721 2321 itu
743 2262 960 2338 intermiscuit,
984 2269 1017 2322 ut
1039 2263 1193 2322 sincerum
1222 2261 1368 2323 iudiciuin

228 2353 268 2435 'ei
288 2386 362 2435 esse
384 2370 536 2453 nequiret.
582 2371 672 2445 Quod
696 2379 728 2434 ut
752 2370 970 2448 demonstrem,
994 2389 1088 2433 unum
1110 2370 1235 2434 efferum
1258 2386 1369 2434 erema

235 2478 328 2562 plum.
369 2478 553 2563 Scytharum
577 2483 657 2547 onim
679 2481 848 2545 Nomadum
872 2482 965 2545 sedes
985 2501 1056 2566 pag
1079 2482 1121 2547 26
1145 2500 1208 2545 non
1236 2500 1276 2545 ex
1300 2485 1368 2545 he-

234 2590 335 2677 schyti
356 2593 477 2669 tumbis,
501 2593 559 2665 sed
582 2612 621 2656 ex
643 2595 712 2657 solo
735 2594 896 2657 Herodoto
921 2591 1072 2673 delinit1),
1097 2612 1276 2673 quemquam
1305 2610 1368 2654 non

235 2701 327 2766 medo
357 2704 406 2768 hic
430 2720 511 2765 unus
530 2706 663 2782 scriptor
686 2711 750 2779 est,
782 2705 834 2783 qui
857 2710 974 2765 certum
998 2703 1164 2766 discrimen
1195 2707 1276 2766 inter
1299 2704 1370 2765 illes

234 2820 348 2897 gentes
375 2815 636 2896 septentrionales
674 2814 771 2892 tacit,
800 2814 856 2876 sed
888 2817 980 2875 etiam
1008 2817 1041 2876 in
1079 2821 1143 2878 tota
1172 2815 1297 2898 Scythia
1329 2814 1369 2876 de

236 2926 386 3009 Aeschyli
413 2928 568 2989 sententia
598 2924 829 2993 determinanda
861 2927 1006 3012 tteyarus
1034 2929 1099 3007 ipse
1112 2945 1190 3010 pag.
1212 2925 1253 2992 25
1278 2933 1372 3008 nogat

237 3054 355 3115 eorum,
378 3056 460 3120 quae
483 3036 662 3100 Herodotus
686 3036 788 3113 tradit,
811 3039 964 3100 rationem
988 3056 1059 3101 esse
1081 3038 1262 3101 hahendam.
1349 3048 1352 3059 ’

339 3149 415 3213 Gom
450 3151 509 3212 uiri
539 3149 621 3212 docti
655 3128 752 3210 modo
782 3151 1010 3212 commemorati
1045 3149 1230 3232 Aeschylum
1264 3150 1371 3210 rerum

236 3251 512 3345 geogrophicerum
535 3264 725 3341 peritiorem,
756 3279 847 3343 quem
870 3270 954 3341 erut,
979 3261 1139 3337 ducerent,
1162 3261 1313 3341 Forhiger
1338 3265 1369 3321 et

234 3372 443 3439 Btomlialdius
472 3375 502 3435 in
525 3377 711 3447 senteutiam
734 3375 826 3455 plano
847 3375 1036 3435 contrariam
1059 3373 1207 3435 abierunt.
1247 3371 1367 3464 Egenim

237 3481 320 3565 niet)
359 3485 427 3563 „De
455 3486 510 3548 Ins
540 3487 738 3565 mrorihne“‚
761 3488 812 3563 ait,
833 3489 949 3566 ,mutto
961 3487 1063 3561 multi,
1086 3494 1122 3548 ot
1137 3486 1251 3557 sotem,
1275 3483 1363 3545 scri-

343 3724 374 3794 6]
391 3724 502 3778 licerius
518 3716 725 3776 Asceuise'errue
742 3722 808 3780 1836
825 3736 984 3793 programma
1001 3724 1115 3776 Verrucio
1131 3724 1202 3776 einer
1213 3718 1370 3790 Darstolluug

236 3821 281 3874 der
296 3816 367 3874 irrau
384 3821 430 3875 der
447 3819 478 3872 le
497 3819 564 3871 nulla
583 3819 632 3871 alio
658 3818 764 3872 consilto
792 3821 909 3886 scripsit,
934 3836 1007 3886 quarn
1034 3828 1061 3871 ut
1078 3819 1187 3887 Reistgt*
1198 3818 1374 3868 coniecturam*

237 3916 337 3970 efferret
356 3933 387 3969 ec
404 3916 560 3969 defenderet.

339 4013 505 4083 onerosos
521 4016 688 4065 Prometheus
710 4015 813 4063 cinnas
837 4028 886 4075 ouo
903 4014 930 4061 e'n
947 4016 1002 4062 loco
1023 4013 1065 4072 api
1082 4013 1203 4067 uidentur
1226 4007 1368 4060 dissertatio

235 4100 388 4168 inauguralis
406 4102 521 4167 proximo
540 4114 605 4150 anno
625 4097 728 4151 Bonuue
746 4098 821 4150 edita.

342 4196 371 4263 1)
389 4197 427 4248 De
445 4196 494 4248 hac
512 4195 660 4264 quaestione
675 4195 730 4260 ipsa
749 4193 815 4257 uide,
834 4209 898 4261 quas
915 4207 964 4261 ego
984 4208 1039 4243 cum
1056 4191 1117 4246 uliae
1135 4201 1229 4259 temp.
1243 4184 1277 4243 30
1295 4197 1320 4240 et
1334 4187 1367 4241 35

236 4302 274 4360 sq.
295 4280 438 4351 disputabo,

342 4380 372 4451 2)
389 4377 481 4432 Aesch.
500 4377 625 4435 Prometh.
643 4393 667 4444 p.
686 4376 729 4432 60.
