3116 5200
747 357 958 425 ..20-

289 545 320 604 et
341 538 437 602 Asiae
459 534 579 598 incolas
601 538 667 616 pro'
680 531 819 595 barbaris
852 537 884 594 et
906 549 946 594 ex
967 528 1146 612 Europaeis
1161 531 1305 614 gentibus
1327 530 1423 596 lero-

289 650 429 733 ciasimas
452 648 627 710 Amazonas
648 641 778 724 Scyllas
799 641 935 706 Colchos
958 642 1104 706 nominat.

392 757 453 823 Sed
476 756 620 838 quoniam
641 752 731 817 huius
754 753 899 816 carminis
928 753 1042 815 mentio
1056 742 1060 749 ’
1076 750 1165 815 nobis
1188 750 1329 816 iacienda
1351 752 1424 831 luit,

289 870 365 937 illud
387 883 512 952 qnoque
535 866 595 931 hoc
614 864 686 929 loco
704 863 882 943 monemus,
905 856 975 926 oum
998 858 1115 927 ὁπόσαι
1125 864 1152 923 τ’
1173 856 1300 925 ἔποικον
1308 854 1426 936 Ἀσίας
1455 870 1460 877 ·

291 981 362 1053 ἕδος
393 974 539 1057 νέμονται
566 975 728 1055 Κολχίδος
756 996 789 1035 τε
814 974 871 1055 γᾶς
898 965 1015 1038 ἔνοικοι
1043 960 1196 1053 παρθένοι
1224 967 1278 1034 καί
1296 966 1427 1053 Σκύθης

204 1061 208 1068 ⁶
291 1084 404 1168 ὅμιλος
419 1082 572 1167 Ἀραβίας
595 1090 622 1147 τ’
644 1075 750 1166 ἄρειον
770 1076 878 1163 ἄνθος,
897 1078 1098 1166 ὑψίκρημνον
1118 1080 1154 1145 οἳ
1169 1087 1311 1160 πολισμα
1331 1071 1427 1145 Καυ-

292 1195 393 1259 κάσου
414 1195 513 1271 πέλας
532 1194 683 1276 νέμονται
703 1195 764 1259 sibi
786 1199 996 1276 opponantur,
1015 1188 1051 1252 τέ
1070 1209 1147 1257 uero
1167 1193 1318 1285 particula
1337 1190 1428 1257 'semss

293 1325 349 1389 per
369 1307 447 1371 noui
470 1302 585 1388 aliquid
608 1284 775 1389 adiungat,
809 1305 983 1371 'certissime
1005 1302 1218 1367 affirmandum
1237 1320 1309 1366 esse
1329 1302 1428 1375 Ama-

294 1434 393 1481 zonas
407 1416 540 1500 Scytlras
552 1416 685 1482 Colchos
708 1418 747 1479 ab
759 1415 915 1498 Aeschylo
938 1431 1001 1479 non
1022 1414 1282 1494 interAsiaticas,
1303 1396 1360 1476 sed
1377 1413 1428 1477 in·

294 1516 342 1591 ter
370 1528 549 1609 Europaeos
575 1535 687 1611 gentes
718 1522 790 1591 esse
820 1527 950 1591 relatos.
1000 1522 1150 1608 Ἀραβίας
1178 1531 1280 1588 autem
1302 1540 1427 1603 uocem,

296 1655 376 1718 quae
398 1638 472 1700 huic
493 1641 667 1701 sententiae
688 1643 865 1720 repugnat,
902 1655 970 1700 cum
993 1637 1073 1699 hano
1096 1640 1191 1716 ipsam
1215 1635 1257 1700 oi
1275 1653 1342 1698 rem
1362 1641 1427 1697 turn

295 1754 423 1829 propter
457 1747 533 1810 alias
563 1765 690 1811 caussas
719 1755 896 1828 corruptam
926 1765 997 1811 esse
1024 1745 1220 1810 statuendum
1249 1753 1307 1810 est.
1350 1746 1437 1810 Nam·

296 1878 367 1922 oum
379 1865 524 1942 quattuor
537 1860 673 1922 membra
695 1857 856 1939 particulis
876 1855 927 1929 τέ,
946 1856 1001 1936 τὲ,
1023 1858 1091 1936 καί,
1112 1854 1148 1918 τέ
1169 1858 1335 1923 coniuncta
1356 1859 1430 1938 sint,

232 1956 235 1961 ’
295 1973 405 2053 quinto
429 1970 501 2034 looo
523 1989 564 2034 ue
583 1956 698 2054 poetae
717 1968 846 2049 quidem·
864 1969 1042 2051 particulam
1063 1970 1204 2033 omittere
1226 1969 1320 2034 licuit
1362 1970 1429 2033 lta·
1497 2020 1500 2023 .

297 2098 357 2162 que
381 2060 479 2144 uerba
501 2073 704 2160 ὖψύιρημνον
736 2080 771 2143 οἳ
785 2076 930 2158 πόλισμα
958 2078 1133 2142 Καυκάσου
1165 2077 1264 2156 πέλας
1283 2079 1431 2161 νέμονται

299 2187 509 2254 antecedentis
532 2206 645 2251 uersus
660 2186 810 2268 Ἀραβίας
831 2180 964 2267 τ’ἄρειον
983 2182 1080 2263 ἄνθος
1101 2191 1338 2273 explicationem
1353 2209 1431 2255 cou-

202 2321 212 2359 r
301 2300 420 2364 timeant
440 2317 571 2361 necesse
592 2304 647 2362 est.
693 2299 754 2361 lam
777 2315 855 2361 uero
879 2301 1016 2379 quamvis
1045 2301 1137 2363 latius
1157 2301 1430 2367 nranumnomen

298 2411 466 2492 antiquitus
478 2410 665 2490 pertinuerit
675 2408 708 2491 ¹),
722 2427 812 2473 neruo
829 2415 928 2474 tamen
941 2428 1085 2491 unquam,
1101 2418 1188 2492 puto,
1203 2419 1314 2476 testem
1324 2413 1432 2495 prole.

296 2529 356 2600 ret,
378 2521 429 2602 qui
442 2520 563 2584 Arabas
583 2521 713 2584 Caucasi
733 2522 851 2584 incolas
874 2522 1020 2584 nominet.
1056 2522 1176 2586 Deinde
1198 2522 1362 2587 scholiasta
1378 2524 1432 2588 illa

299 2631 397 2694 uerba
410 2625 611 2710 ὑψίκρημνον
625 2627 660 2688 οἳ
671 2626 814 2717 ruoltona
827 2628 1002 2692 Καυκάσου
1015 2628 1112 2703 πέλας
1122 2630 1270 2711 νέμονται
1282 2639 1369 2697 recte
1391 2633 1433 2696 de

301 2740 424 2806 Colchis
441 2739 600 2819 accepisse
621 2737 754 2819 uidetur,
778 2740 922 2820 quoniam
945 2758 1053 2803 eorum
1067 2742 1150 2806 urbs
1163 2740 1312 2826 Aeschyli
1333 2750 1433 2807 aetate

298 2855 331 2917 in
347 2852 410 2916 illia
426 2849 610 2933 regionibus
627 2867 688 2912 una
707 2856 776 2913 erat
793 2850 904 2913 fabulis
918 2853 1031 2917 notior.
1061 2853 1142 2929 Quid
1160 2860 1262 2917 autem
1276 2855 1433 2919 Manibus

301 2983 369 3028 cum
381 2960 506 3025 Colchis
528 2962 599 3023 est‘l
629 2963 715 3036 Quae
731 2962 932 3026 coniecturae
947 2965 1031 3044 prius
1048 2964 1087 3028 ad
1108 2964 1311 3030 huno'looum
1327 2984 1435 3053 emen-

301 3071 434 3137 ‹landum
467 3090 484 3133 a
514 3070 587 3134 viris
611 3060 711 3133 ‹l'oous
734 3071 835 3134 lectae
856 3078 930 3135 sunt
951 3076 1155 3138 statuentibus
1188 3077 1361 3160 Σαρματᾶν
1380 3085 1433 3142 aut

301 3181 471 3261 Χαλυβίας
491 3174 705 3262 aut’Apr'cc2)
726 3199 784 3262 pro
795 3174 947 3264 Ἀραβίας
968 3200 1039 3245 esse
1058 3183 1236 3267 legendum,
1259 3179 1316 3249 eae
1329 3206 1433 3271 neque

302 3292 384 3356 hamc
400 3291 608 3357 difficultatem
625 3289 736 3354 tollunt
757 3309 860 3373 neque
882 3292 1057 3373 ostendunt,
1088 3297 1244 3377 quomodo
1268 3299 1434 3379 deprauata

301 3404 395 3467 lectio
418 3410 486 3466 orta
509 3405 566 3478 sit3
580 3384 643 3466 ¹sed
658 3402 975 3483 quodHeimsoetlius
997 3406 1028 3469 in
1041 3407 1128 3470 libro*
1144 3425 1242 3489 nuper
1264 3410 1348 3475 edito
1356 3413 1383 3487 ³)
1404 3429 1433 3493 p.

301 3513 365 3580 488
384 3515 544 3596 proposuit
555 3513 719 3585 Χαλκίδος
737 3503 872 3595 τ’ἄρειον
886 3508 993 3594 ἄνθος,
1016 3515 1047 3578 id
1066 3518 1165 3599 primo
1188 3521 1311 3602 quidem
1326 3524 1432 3588 obtutu

304 3623 398 3691 ualde
413 3624 502 3687 nobis
524 3624 651 3690 arridet.
673 3625 749 3688 Nam
765 3631 796 3687 et
807 3624 976 3708 Stephanus
987 3626 1156 3712 Byzantius
1171 3648 1196 3696 s.
1211 3651 1243 3697 n.
1259 3632 1383 3705 Χαλκίς
1402 3636 1433 3698 in

304 3762 611 3773 ---.----—-—-—-

305 3835 356 3900 cipi
372 3843 499 3903 nequeat,
528 3834 635 3886 notione
653 3835 734 3887 minna
755 3836 844 3888 usitata
863 3834 895 3887 de
913 3843 967 3888 toto
986 3837 1050 3889 orbe
1068 3845 1190 3889 tamarum
1206 3834 1316 3887 habitato
1335 3831 1433 3886 nulli-

304 3927 357 3972 tum
376 3930 423 3974 cst.

409 4017 438 4085 1)
457 4015 552 4069 Gonia
570 4014 771 4070 Schoemannum
789 4016 819 4067 ad
838 4033 863 4069 n.
883 4014 945 4070 41⁴.
1042 4018 1044 4027 ’

407 4111 438 4178 2)
456 4110 526 4163 llaec
543 4125 595 4163 uox
611 4125 645 4162 ne
663 4110 689 4161 in
707 4124 808 4167 uersum
827 4110 927 4179 quidam
945 4112 1059 4179 quadrat.

324 4208 326 4212 ‘
407 4201 438 4270 3)
454 4203 503 4258 Die
521 4203 778 4274 Wiadcrlacratallung
794 4205 839 4259 ‹ler
858 4207 968 4260 Dramcn
986 4206 1032 4258 (las
1049 4205 1201 4274 Aeschylus.
1218 4204 1292 4258 Boon
1315 4203 1391 4261 luni.
