3116 5200
669 393 859 458 -5..

199 574 233 631 ut
261 573 407 629 censeret
441 564 481 628 de
509 565 642 628 transitu
669 563 800 645 Bospori
829 564 983 627 Cimmerii
1019 570 1141 646 poetam
1177 582 1241 630 nou
1268 582 1328 628 suo

197 678 282 758 loco,
304 675 373 756 sed,
394 681 557 758 postquam
580 675 619 739 ad
641 675 732 739 aliam
753 675 874 738 itineris
896 654 1022 756 partem
1037 676 1247 758 perrexisset,
1268 694 1329 739 oc-

200 790 328 853 casione
350 786 472 850 demum
495 785 597 849 oblata
615 802 688 850 esse
715 786 867 865 locutum,
889 792 983 867 atque
1004 785 1083 849 hano
1105 786 1330 850 artificiosissi-

198 918 278 964 mam
301 897 587 980 interpretationem
609 914 672 960 uon
693 897 803 975 semel,
822 894 879 959 sed
900 902 948 959 ter
957 893 981 976 ¹)
1003 896 1063 960 sibi
1085 895 1223 960 indulsit.
1267 894 1330 962 Sed

197 1011 267 1092 quis
282 986 456 1073 auditorum
467 1007 652 1090 intellegere
674 1015 797 1089 poterat
819 1008 983 1090 regionem
1004 1008 1148 1089 aliquem,
1170 1023 1252 1087 quae
1271 1024 1328 1070 suo

196 1122 270 1185 loco
299 1121 425 1185 silentio
447 1120 668 1202 praetermissa
698 1126 820 1199 esset,-
838 1118 932 1182 multo
954 1118 1111 1197 posterius
1140 1134 1329 1184 commemo-

197 1232 273 1312 rari,
292 1231 355 1296 nisi
374 1220 442 1296 hoc'
457 1232 525 1295 lieri
547 1233 662 1312 apertis
682 1231 786 1295 uerbis
809 1223 877 1294 erat
898 1230 1086 1294 iudicatum?
1136 1233 1223 1307 Quae
1249 1246 1329 1293 uero

199 1361 311 1407 caussa
333 1342 447 1422 fuerit,
480 1360 538 1405 cur
559 1340 734 1424 Aeschylus
756 1361 774 1406 u
796 1342 926 1422 simplici
951 1343 1133 1405 narratione
1154 1342 1329 1419 recederet,

196 1453 390 1519 lloelolserus
421 1453 527 1518 dicere
556 1470 619 1516 non
649 1458 760 1534 potest.
804 1454 911 1533 hique
946 1453 974 1514 si
1002 1450 1081 1515 haec
1112 1452 1167 1515 tibi
1195 1450 1330 1517 nondam

197 1566 272 1630 satis
301 1565 408 1649 proma
436 1563 598 1642 uidentur,
635 1563 800 1626 considera
833 1569 886 1626 aut
914 1563 1152 1627 infelicissimam
1181 1563 1248 1627 eius
1277 1563 1329 1626 nel

197 1676 300 1756 potius
324 1674 435 1738 lleathi
457 1676 668 1739 coniecturam
691 1674 731 1738 de
753 1673 986 1757 Salmydessolt
1010 1681 1064 1738 aut
1085 1674 1161 1757 quid
1181 1693 1200 1738 e
1223 1674 1329 1738 uerbis

196 1778 296 1848 αὗταί
313 1780 539 1867 &bopponem
565 1782 621 1845 καί
645 1780 721 1862 μάλ’
746 1781 892 1863 ἀσμένως
914 1783 958 1869 [u.
980 1783 1057 1870 728]
1085 1785 1328 1864 concluserit³):

196 1895 281 1976 quod
302 1904 468 1977 utrumque
490 1897 683 1961 llermannus
693 1894 718 1978 ⁴)
741 1899 879 1979 perbene
902 1898 1073 1979 redarguit.
1117 1898 1204 1971 Quae
1227 1895 1329 1958 omnia
1445 1914 1453 1927 ·

196 2025 266 2070 cum
286 2007 325 2070 ab
353 2010 434 2071 iusta
463 2013 555 2087 atque
587 2008 717 2089 simplici
743 2008 964 2087 interpretandi
982 2008 1108 2070 ratione
1130 2004 1329 2084 abhorreant,

195 2117 272 2181 satis
296 2116 540 2181 demonstratum
562 2134 641 2180 esse
664 2124 736 2199 puto
760 2118 931 2200 praecipuis
954 2117 1078 2180 illorum
1099 2118 1239 2181 uirorum
1266 2117 1328 2181 do-

195 2234 316 2291 ctorum
338 2231 526 2311 argumentis
546 2229 685 2293 refutetis
708 2246 785 2310 opus
808 2247 871 2292 non
895 2246 967 2292 esse
987 2247 1096 2293 omnes
1120 2247 1236 2294 eornm¹
1250 2246 1327 2292 sen-

194 2340 308 2403 tentias
336 2339 516 2425 singillatim
546 2342 767 2422 perstringere.
810 2341 886 2404 llam
917 2341 1054 2421 quamuis
1083 2357 1202 2403 summa
1230 2336 1326 2401 ianu-

193 2450 270 2511 stria
291 2456 385 2530 atque
412 2450 554 2514 doctrina
576 2452 607 2512 in
633 2451 693 2513 hac
722 2469 759 2512 re
782 2453 899 2514 uersati
919 2453 998 2529 sint,
1027 2452 1065 2513 ad
1089 2451 1199 2514 laisum
1222 2456 1324 2512 tamen

193 2560 308 2623 exitum
338 2560 481 2623 uenirent
509 2561 689 2641 oportebat,
718 2561 804 2642 quod
833 2579 901 2623 mea
929 2559 1052 2642 quidem
1074 2560 1226 2623 sententia
1247 2578 1324 2641 pcr-

192 2686 287 2734 uerso
318 2669 519 2734 fundamento
555 2669 788 2751 disputationem
818 2670 997 2737 fulciebant.
1050 2671 1173 2735 Etenim
1209 2676 1326 2734 tantum

192 2780 291 2859 abest,
315 2785 349 2842 ut
370 2780 562 2863 Aeschylum
582 2779 622 2844 ‹le
643 2782 771 2845 remotis
793 2783 976 2866 regionibus
998 2800 1147 2863 nusquam
1168 2783 1246 2846 laisa
1261 2790 1327 2846 tra·

192 2891 310 2955 didisse
336 2898 459 2972 putem,
480 2898 531 2969 ut,
560 2891 587 2953 si
609 2889 725 2954 factum
748 2892 958 2970 essetpualile
982 2893 1188 2955 demiraturus
1212 2910 1322 2957 essem.
1426 2946 1432 2957 ι

190 3001 398 3077 Quamobrem
425 3018 488 3065 nou
511 3018 530 3063 e
558 3018 636 3064 uero
658 3000 800 3092 locorum
826 3004 901 3082 situ,
920 3003 977 3067 sed
1004 3021 1046 3065 ex
1067 3005 1144 3085 ipsis
1166 3003 1316 3084 Aeschyli

192 3113 299 3177 uerbis
320 3112 484 3193 opiniones
506 3120 619 3194 poetae
640 3113 879 3198 inuestigamlae
902 3122 987 3177 sunt.

291 3223 362 3287 Nou
398 3224 536 3287 minores
574 3224 669 3307 igitur
707 3224 916 3288 dubitationes
951 3244 988 3288 ea
1019 3227 1070 3289 nia
1107 3233 1228 3303 mouet,
1262 3244 1324 3307 qna
1365 3266 1369 3269 -

190 3333 386 3398 difficultates
402 3334 813 3400 audacissimis-coniecturis
824 3336 975 3400 tolluntur
987 3338 1039 3401 uel
1050 3337 1151 3417 potius
1167 3355 1243 3399 ense
1259 3335 1324 3399 ‹lis-

188 3449 345 3509 secantur.
373 3445 463 3519 Quod
479 3444 624 3508 iecerunt
634 3444 789 3530 Reisigins
799 3445 836 3528 6),
858 3447 1044 3527 Hochinsil,
1057 3445 1247 3529 irreperent),
1271 3449 1323 3528 qui

295 3682 326 3751 1]
342 3682 404 3736 Nam
422 3682 534 3736 Photidis
553 3699 657 3753 quoque
678 3683 743 3738 iulio
766 3684 825 3738 loco
849 3686 1001 3738 mentionem
1025 3701 1083 3739 esse
1100 3686 1191 3739 iactam
1215 3688 1240 3737 in
1257 3686 1322 3740 libro

191 3768 268 3821 modo
297 3777 495 3822 commemorato
521 3785 546 3837 p.
565 3769 616 3825 226
643 3785 693 3824 nec
714 3773 794 3826 minus
821 3771 966 3841 Gorgonum
996 3761 1237 3840 Arimasporumqno
1260 3773 1320 3827 ibid.

187 3870 214 3922 p.
233 3854 286 3910 227
301 3857 395 3910 statuit

288 3939 320 4010 2)
337 3942 400 3995 ibin.
416 3958 442 4009 p.
459 3939 519 3995 203.

290 4026 322 4096 3)
339 4025 404 4082 lbid.
421 4044 447 4096 p.
467 4028 528 4085 22t.

289 4112 320 4183 l]
337 4114 365 4167 lu
382 4114 452 4167 lobni
469 4115 600 4169 annalibus
618 4133 642 4171 a.
663 4116 740 4173 1832.
758 4127 777 4173 t.
798 4118 849 4182 llll,
868 4117 894 4173 3.
913 4135 937 4185 p.
956 4117 1007 4172 292
1026 4127 1051 4171 et
1070 4134 1094 4184 p.
1116 4117 1175 4174 297.

287 4201 318 4270 5)
334 4200 429 4271 heingi
445 4204 602 4268 coniectura,
619 4220 694 4273 quam
713 4206 792 4258 miror
810 4205 925 4258 omnibus
948 4205 1004 4257 lere
1022 4206 1083 4257 uiris
1102 4206 1193 4270 doctis,
1212 4207 1256 4274 qui
1274 4205 1322 4257 buo

183 4285 216 4338 ule
241 4302 271 4341 ra
288 4289 450 4356 seripserunt.
468 4289 542 4359 plane
559 4291 671 4360 ἰςιιοιοιιι
689 4289 776 4356 fuisse,
797 4294 823 4344 ia
848 4299 971 4360 apparatu
996 4293 1085 4347 critico
1109 4293 1140 4346 ad
1168 4291 1321 4359 Aeschylum

185 4355 265 4422 presi.
283 4373 310 4425 p.
327 4357 407 4417 XXV.
425 4360 559 4428 proposita
578 4369 626 4414 est.
