3116 5200
745 367 957 434 ,24-

285 540 391 603 uerbis
424 558 487 605 non
521 530 634 606 nouam
663 543 782 606 itineris
805 550 922 624 partem
951 544 1204 623 commemorari,
1234 524 1292 607 sed
1322 545 1414 610 modo

284 649 447 716 indicatam
467 654 643 721 accuratius
666 654 812 719 describi.
846 654 953 735 ltaque
974 661 1011 718 ut
1032 671 1114 718 nunc
1137 655 1234 719 uerba
1253 656 1414 740 leguntur,

285 760 332 824 ad'
346 754 396 842 (ια’
418 779 499 844 quae
521 765 661 843 proxime
683 763 893 843 antecedunt,
930 764 1098 829 reserenda
1131 773 1223 847 atque
1245 767 1290 828 sic
1313 766 1416 848 expli-

285 872 383 935 canda
403 878 490 936 sunt:
528 875 607 952 „Per
626 874 805 957 Scytharum
827 875 997 938 Nomadum
1026 880 1141 939 terram
1170 878 1255 940 eunti
1287 877 1415 940 sinistra

283 982 341 1047 tibi
362 982 514 1069 Chalybes
543 984 709 1049 habitant.“
760 985 905 1049 Attamen
934 1004 987 1049 res
1017 986 1060 1049 ita
1089 1003 1125 1048 se
1155 987 1271 1051 habere
1299 976 1415 1068 nequit.

284 1094 361 1158 Nam
381 1095 525 1176 quoniam
552 1095 590 1158 ah
612 1095 710 1158 altera
730 1101 818 1177 parte
839 1096 987 1177 Scythas,
1019 1097 1057 1159 ah
1078 1096 1175 1159 altera
1199 1115 1283 1160 mara
1305 1114 1416 1159 essee

286 1205 433 1268 uersihus
455 1204 630 1271 711-7132
647 1206 858 1291 intellegitur,
881 1205 1066 1290 Chalybihus
1094 1206 1183 1270 loeus
1203 1209 1330 1270 omnino
1353 1225 1417 1270 non

286 1321 335 1379 est
349 1314 487 1380 relictus.
519 1316 614 1392 Quam
630 1315 841 1402 difficultatem
857 1322 891 1379 ut
911 1295 1046 1397 tolleret,
1069 1316 1257 1401 llartungius
1281 1312 1417 1382 coniecit
1451 1325 1454 1330 ’

285 1419 369 1486 ἀλλὰ
396 1412 547 1493 dcccdccc
567 1421 666 1498 πόδας
682 1421 887 1510 χρίμπτουσα
909 1420 1074 1507 ῥαχίαισιν
1093 1427 1225 1510 ἐκπερᾶν
1241 1411 1345 1506 χθόνα
1365 1429 1417 1491 td-

285 1552 346 1617 que
368 1537 765 1620 commendatione-egere
793 1545 898 1620 negat.
932 1538 1010 1602 <Nea
1039 1556 1116 1601 uero
1147 1541 1301 1602 sententia
1324 1540 1415 1621 plane

286 1646 364 1710 nihil
387 1646 446 1717 hac
468 1650 639 1711 mutatione
659 1648 832 1730 proficitun
859 1648 935 1711 Nam
958 1653 991 1711 ut
1012 1654 1132 1712 taceam
1153 1651 1282 1712 maxime
1305 1653 1416 1714 mirum

288 1773 363 1837 esse
384 1762 445 1827 mm
466 1757 622 1838 pulchram
645 1760 975 1847 tamqueexquisitam
998 1775 1120 1837 uocem,
1143 1777 1234 1839 quam
1251 1756 1419 1834 ἆλίστονας

286 1871 347 1946 est,
370 1868 423 1931 uel
439 1882 484 1931 ex
498 1867 737 1949 interpolatione
751 1868 802 1932 uel
822 1887 861 1932 ex
881 1867 1005 1952 sortpita
1021 1870 1199 1950 corruptela
1215 1878 1312 1933 ortam
1335 1887 1419 1949 esse,

286 1977 393 2042 lonem
423 1986 496 2041 tunc
517 1979 549 2040 in
571 1979 663 2069 litore
685 1997 794 2042 errare
815 1995 878 2042 non
900 1979 1001 2043 solum
1024 1997 1106 2042 uoce
1133 1975 1328 2058 ἁλιστόνοις,
1361 1979 1419 2042 sed

287 2104 353 2151 uon
374 2090 475 2152 minus
497 2091 596 2153 uerbo
628 2084 788 2170 ῥαχίαισιν
816 2087 988 2170 indicatur,
1020 2092 1163 2172 quoniam
1186 2093 1218 2152 in
1241 2091 1300 2155 hoc
1321 2091 1419 2155 uerbo

286 2215 411 2280 semper
442 2217 506 2263 uno
531 2190 607 2283 'loco
637 2199 812 2282 Sophocleo
827 2199 854 2275 ¹)
885 2207 1016 2281 excepto
1038 2192 1303 2281 orae'maritimae
1336 2202 1422 2264 notio

287 2309 379 2375 inest.
423 2309 526 2391 Atque
546 2310 573 2372 si
595 2310 677 2372 hunc
698 2300 862 2389 Sophoclis
885 2309 986 2373 locum
1010 2328 1136 2394 urgeas,
1150 2310 1243 2372 'unde
1260 2318 1424 2392 spectato-

212 2407 215 2410 *
286 2437 341 2485 res
362 2419 439 2484 illud
462 2419 590 2484 uerbum
619 2427 679 2484 tam
707 2421 855 2483 inusitato
879 2437 974 2485 sensu
997 2428 1068 2484 esse
1090 2414 1424 2485 adhibilun'diamare

288 2533 455 2615 poterant?
499 2531 621 2596 Deinde
643 2550 721 2595 uero
749 2549 879 2613 quorum
901 2534 1174 2614 montium-iugum
1197 2532 1351 2595 hocloco
1374 2533 1424 2594 in·

285 2641 494 2724 tellegendum
515 2643 588 2704 cst?
630 2642 707 2704 Num
731 2641 913 2704 Caucasus?
957 2639 1009 2703 Ad·
1025 2641 1108 2702 hunc
1129 2643 1219 2723 uirgo
1241 2660 1337 2705 uersu
1357 2642 1422 2707 ula

287 2752 410 2816 domum
432 2752 528 2816 uenit.
573 2751 623 2815 An
638 2750 791 2832 Rhipaei‘l
835 2751 872 2812 Hi
892 2758 1012 2813 montes
1036 2751 1075 2813 de
1098 2752 1246 2836 Aeschyli
1268 2748 1424 2817 sententia

286 2867 319 2929 in
340 2864 472 2947 regione
500 2861 686 2926 occidentali
714 2863 859 2926 iacebant
867 2865 905 2937 2).
936 2862 1036 2925 >Alios
1058 2880 1137 2925 uero
1157 2863 1300 2947 Scythiae
1329 2880 1419 2929 mons

285 2975 434 3059 Aeschyli
454 2979 555 3037 aetate
573 2973 710 3055 nondum
733 2981 801 3037 erat
819 2973 960 3049 notusi).
1003 2978 1028 3040 Ε
1049 2956 1206 3043 contrario
1230 2971 1271 3037 de
1291 2976 1421 3055 planitie

286 3080 440 3152 hocloco
463 3083 659 3168 cogitandum
682 3101 754 3147 esse
776 3101 844 3148 eum
856 3083 989 3166 Scythae
1002 3085 1157 3149 Nomades
1182 3087 1250 3167 ipsi,
1273 3088 1327 3169 qui
1342 3105 1421 3150 nun-

287 3215 378 3280 quam
392 3197 425 3258 in
441 3196 611 3260 montuosis
633 3196 726 3258 terris
748 3189 901 3275 palantum,
922 3195 1107 3258 tumuerha
1131 3200 1225 3276 στεῖχ’
1245 3187 1421 3276 ἀνηρότους

285 3303 364 3391 phac
395 3306 572 3371 ostendunt.
617 3305 692 3368 Cum
714 3306 811 3382 igitur
830 3288 1143 3387 uerbumyiaydmom
1162 3313 1282 3370 montes
1302 3307 1421 3391 signifi·

288 3438 362 3485 caro
383 3427 526 3501 nequeat,
549 3417 691 3496 efficitur,
713 3423 747 3480 ut
769 3416 813 3494 lo,
839 3413 909 3479 dum
922 3417 1100 3500 Scytharum
1114 3414 1284 3482 Nomadum
1305 3425 1420 3483 terram

285 3511 444 3608 transeat,
472 3547 556 3592 mare
577 3535 746 3610 sequutum·
780 3514 1083 3610 Difficultas‘igiton
1105 3538 1195 3608 quam
1218 3546 1311 3608 supra
1335 3528 1420 3591 dixi-

285 3659 355 3708 mus
377 3642 410 3706 in
431 3658 470 3704 eo
491 3656 563 3703 esso
585 3641 726 3721 positam,
746 3636 830 3718 quod
854 3637 920 3700 loni
943 3654 999 3717 per
1014 3637 1183 3702 Nomadum
1199 3646 1312 3703 terram
1336 3643 1420 3705 eunti

286 3755 397 3821 eodem
412 3760 580 3833 temporeo
599 3751 726 3812 sinistra
741 3754 772 3811 et
783 3746 936 3829 Chalybes
952 3753 984 3809 et
1000 3766 1084 3811 mare
1106 3764 1179 3812 esse
1202 3767 1263 3813 non
1287 3752 1418 3830 possint,

376 4004 422 4114 Vl)
439 4044 468 4099 ln
484 4043 595 4113 Etymol.
606 4042 695 4114 hagno
713 4061 734 4098 s.
748 4062 773 4098 o.
786 4046 882 4114 Ῥαχίς
899 4061 925 4113 p.
934 4044 996 4099 70².
1014 4062 1039 4100 u.
1050 4024 1085 4097 50
1104 4045 1168 4097 haec
1186 4044 1315 4098 dicamur:
1335 4045 1419 4111 παρα

287 4135 489 4208 ottocento
510 4137 600 4207 ῥαχία
618 4139 732 4208 λέγεται
751 4135 769 4202 ἤ
789 4143 840 4193 τοῦ
859 4138 956 4208 ὅρους.

389 4232 419 4302 2)
436 4233 536 4304 Fragm.
556 4233 614 4290 tal.
723 4238 726 4243 ’
845 4224 847 4233 “

388 4326 420 4401 a)
436 4325 531 4382 eomer
548 4328 672 4383 noiomo
689 4328 885 4397 sumptionem
904 4288 1030 4395 somn.
1072 4373 1075 4379 .
