3116 5200
1536 180 1537 223 ι

717 427 758 439 -
803 387 845 454 30
889 424 930 435 -

259 566 365 645 Atque
387 577 456 624 eum
478 557 600 623 inrobis
613 559 748 623 Araxen
766 577 863 641 prope
886 559 1014 637 ionum,
1037 560 1067 627 b.
1089 580 1115 626 e.
1139 561 1172 626 in
1187 561 1339 646 Caucaso,
1357 565 1392 631 iu

260 673 420 739 meridiem
435 688 548 735 uersus
569 671 739 763 transiieiot
762 664 814 746 [ὃν
826 674 876 754 μὴ,
892 669 1038 758 περάσῃς,
1060 668 1134 757 πρὶν
1146 666 1185 736 ἂν
1198 675 1279 755 πρὸς
1294 669 1392 741 αὐτᾶν

264 780 435 847 Καύκασον
455 781 558 868 μόλῃς
579 788 610 843 et
629 799 659 847 u.
680 779 777 860 7221,
815 781 1020 845 confitendum
1054 788 1103 846 est
1125 800 1196 847 eum
1216 802 1234 845 e
1257 788 1390 865 septen-

256 894 382 957 trionoli
414 894 527 956 montis
556 898 644 972 perte
671 897 771 956 ortum
794 892 826 955 in
858 893 1023 975 regionem
1052 893 1136 956 inter
1157 892 1336 974 nquiionem
1358 900 1390 956 et

257 1005 406 1068 orientem
430 1003 527 1066 solem
549 1008 738 1093 spectentem
759 1001 922 1084 profluere.
967 1004 1073 1084 itaque
1103 1003 1137 1067 Io
1172 1020 1307 1066 neeesse
1330 1010 1399 1083 est,-

256 1115 309 1179 ubi
331 1117 462 1196 primun
491 1112 530 1177 ed
560 1132 629 1209 eum
661 1113 800 1192 aceedit,
834 1132 853 1178 e
883 1115 1063 1198 regionibus
1095 1115 1133 1179 od
1158 1115 1389 1196 septentriones

259 1226 465 1310 mergentibus
486 1226 600 1290 ueniet.
645 1223 692 1287 Ex
713 1242 775 1305 qno
797 1216 953 1305 efficitur,
976 1202 1080 1305 mare,
1102 1223 1184 1306 quod
1206 1225 1259 1289 iilo
1282 1223 1388 1306 sequi·

259 1343 327 1410 tor,
358 1337 429 1399 dum
456 1353 512 1416 per
540 1335 711 1400 Nomadum
741 1343 854 1400 terren
885 1343 917 1399 et
947 1337 1072 1400 doeerto
1095 1336 1239 1418 Sogtbioe
1260 1337 1383 1419 migret,

256 1465 327 1515 erse
350 1447 509 1510 Oceanum
530 1460 634 1527 eoque
651 1446 730 1527 opud
753 1445 904 1530 Chalybes
923 1448 1036 1511 reiieto
1059 1447 1260 1531 uirgineQO
1283 1445 1386 1511 Euro-

259 1559 324 1623 noti
345 1562 449 1640 portes
472 1574 508 1621 se
529 1563 664 1622 uertere.
709 1560 796 1635 Quae
817 1557 943 1621 sinere
965 1555 1119 1639 disputato
1139 1536 1231 1635 sunt,
1262 1556 1386 1642 foeces,

254 1671 289 1733 r'n
311 1669 425 1750 quibos
446 1668 655 1735 Prometheus.
678 1644 896 1745 tinctorem,
931 1671 964 1731 in
987 1667 1109 1732 Oceani
1129 1669 1241 1745 litore,
1260 1686 1333 1760 ¹non
1352 1667 1386 1731 in

257 1780 402 1843 Cermoro
423 1780 530 1842 iecere
553 1783 687 1860 apparet.
706 1764 783 1843 'Sed
806 1780 925 1845 etiamsi
947 1797 1015 1842 mee
1037 1779 1192 1842 sententio
1214 1795 1277 1841 non
1300 1757 1387 1840 com-

253 1891 424 1973 probetur,
447 1897 549 1953 tomon
571 1907 651 1972 quoe
675 1890 875 1953 Prometheus
898 1892 927 1955 ιι.
949 1890 1013 1971 719
1037 1889 1113 1953 dicit
1132 1889 1327 1970 probibent„
1342 1905 1386 1951 ne

256 2001 393 2065 inbutam
412 2001 443 2062 in
467 2000 522 2062 iiio
544 2005 648 2063 monte
670 2001 720 2083 ogi
742 2005 892 2081 putemus.
936 2000 1012 2064 bon
1041 2001 1178 2082 quemuis
1207 1997 1391 2082 longissime·-

251 2111 371 2174 itineris
391 2112 521 2191 spatium
543 2112 625 2174 inter
645 2108 739 2192 inuios
761 2113 910 2175 uerticem
929 2128 1102 2192 saxumque
1125 2108 1301 2177 Promethei
1329 2100 1383 2170 inl.
1415 2113 1417 2117 ’

252 2221 352 2298 tersit,
372 2216 575 2303 [bot-719]
599 2228 699 2281 tomen
721 2234 826 2301 neque
857 2221 919 2284 uile
941 2238 1020 2284 uoee
1042 2221 1196 2284 indicetur
1224 2219 1329 2282 Ionem
1349 2218 1382 2281 in

257 2330 388 2395 eandem
410 2329 571 2412 regionem
593 2329 712 2391 reuerti
735 2347 835 2410 neque
857 2348 966 2393 cnosso
991 2335 1049 2407 osi,
1071 2346 1149 2411 quae
1170 2325 1383 2415 Prometheum

253 2442 430 2525 impulerit,
465 2446 501 2503 ut
521 2439 565 2521 ilii
586 2445 687 2505 tentus
710 2439 855 2525 ambages
876 2422 1084 2533 impererev).
1127 2437 1187 2506 Sed
1208 2424 1304 2521 *bueo
1322 2422 1382 2521 be-

252 2561 372 2619 eteros.

349 2786 388 2859 ’1)
406 2790 445 2844 De
469 2789 593 2842 sententio
608 2786 716 2855 Heroni,
741 2788 784 2856 qui
802 2786 929 2841 cenceros
954 2784 1087 2840 Ponticum
1113 2794 1138 2839 et
1159 2783 1381 2854 mpmmnonrtem

250 2900 302 2940 non
322 2876 412 2955 prorui
432 2883 464 2936 ab
482 2881 585 2937 Oceano
604 2882 678 2934 ritum
696 2880 818 2935 durornit
838 2876 907 2948 [pag.
925 2877 1051 2949 33-38],
1069 2878 1134 2932 infre
1152 2892 1264 2948 agemon
