3116 5200
767 374 962 452 ..4..'

297 560 428 641 eiusque
461 563 598 622 sectator
631 556 826 641 lleinganum
837 555 880 640 ¹),
918 559 1103 625 Klausenius
1111 556 1155 640 ¹),
1192 559 1423 640 Schuetuiuslt

294 671 485 736 Voelckerus
495 668 520 752 ⁴)
549 670 686 753 ingressi
715 677 787 734 sunt
809 676 840 733 et
861 672 1000 753 exceptis
1015 670 1181 737 Scbuetaio
1204 671 1423 737 etVoelolsero

293 789 455 865 praeterea
482 781 696 845 Prometheum
727 780 765 844 ad
788 780 959 845 Caucasum
994 782 1149 867 alligatum
1177 800 1249 846 csse
1284 784 1422 848 externis

294 894 413 956 caussis
442 893 502 955 sibi
529 899 762 973 persuaserunt.
811 893 870 967 Cui
897 893 1007 974 quibus
1035 892 1256 975 interpretandi
1283 892 1421 957 artificiis

292 1010 419 1086 propter
441 1003 509 1069 illas
531 1003 696 1083 opiniones
717 1005 761 1064 uti
784 1001 905 1066 luerint
926 1005 1044 1080 coacti,
1067 1006 1171 1088 paucis
1194 1005 1340 1086 exemplis
1364 1004 1422 1068 de·

292 1115 480 1179 monstrabo.
533 1112 653 1176 Etenim
685 1130 754 1175 cum
786 1115 819 1177 lo
850 1121 976 1195 peracto
1004 1116 1124 1179 demum
1154 1134 1266 1201 magno
1301 1116 1421 1180 itineris

291 1227 391 1306 spatio
415 1227 453 1287 ad
473 1224 643 1287 Caucasum
665 1231 797 1287 uentura
829 1243 902 1289 esse
925 1228 1037 1306 sportis
1067 1216 1173 1289 uerbis
1195 1246 1223 1291 u
1246 1227 1309 1291 719
1332 1227 1421 1290 dica-

290 1346 361 1415 tur,
382 1343 524 1400 statuere
546 1335 607 1397 illis
631 1340 699 1398 erat
721 1352 851 1398 necesse
874 1336 1089 1401 Prometheum
1117 1339 1231 1420 uirgini
1261 1339 1330 1401 sine
1359 1339 1420 1402 ulla

290 1465 403 1511 caussa
420 1447 617 1531 longissimas
631 1447 777 1529 ambages
789 1448 969 1527 imperasse.
998 1447 1110 1529 Atque,
1133 1467 1202 1510 cum
1218 1449 1270 1512 illa
1285 1452 1369 1531 prius
1382 1448 1420 1513 ad

292 1560 462 1622 Caucasum
475 1575 565 1638 quam
580 1557 620 1620 ad
630 1555 805 1637 Bosporum
818 1555 1011 1621 Cimmerium
1026 1559 1166 1638 accedat,
1177 1560 1238 1624 boc
1253 1577 1332 1625 uero
1347 1578 1421 1643 sup·

292 1674 399 1750 pesato
422 1668 576 1750 Europam
599 1668 754 1749 relinquat
782 1673 812 1729 ct
822 1666 927 1732 Asiam
949 1671 1045 1731 intret
1067 1666 1137 1752 [uu.
1160 1668 1357 1756 uro-7351,
1379 1708 1419 1718 -

289 1798 368 1863 quae
397 1780 531 1841 omnium
560 1780 762 1858 interpretum
792 1780 922 1843 maxima
954 1785 1022 1842 erat
1051 1798 1145 1859 crux,
1166 1815 1209 1828 -
1231 1781 1419 1846 Welclmrus

286 1891 539 1974 Rcinganomque
575 1892 643 1952 eam
672 1891 789 1951 circum
819 1894 916 1952 totum
947 1890 1074 1953 Pontum
1104 1889 1255 1955 Euxinum
1291 1890 1419 1972 ducunt,

288 2021 369 2084 quae
401 2007 501 2064 tameo
530 2000 710 2083 longissima
743 2002 795 2064 uia
830 2019 848 2064 a
877 2009 969 2084 poeta
1000 2019 1040 2063 ne
1072 2019 1133 2076 unc
1163 2002 1289 2084 quidem
1318 2007 1418 2068 uerbo

289 2118 527 2177 commemorata
550 2119 613 2174 est:
636 2112 818 2176 Sohuctaius
841 2130 918 2176 uero
941 2113 1166 2177 etlllausenius
1188 2122 1316 2197 propter
1337 2116 1419 2179 illam

287 2224 495 2287 difficultatem
524 2240 651 2284 uersum
681 2223 819 2285 λιποῦσα
846 2217 1037 2303 δἘὗρώπης
1063 2224 1158 2287 πέδον
1185 2219 1312 2306 ἤπειρον
1337 2221 1419 2306 ἥξεις

283 2321 418 2396 Ἀσιάδα
440 2330 485 2416 [u.
503 2329 579 2415 734]
602 2350 665 2394 non
686 2332 723 2395 ad
742 2334 838 2396 uerba
852 2333 993 2414 proxime
1007 2335 1235 2414 antecedentia,
1258 2336 1416 2418 inquibus

286 2445 320 2507 lo
343 2445 453 2507 lretum
482 2444 665 2507 Maeoticum
696 2445 873 2527 transgredi
902 2444 1036 2522 iubetur,
1063 2446 1241 2526 respicere,
1264 2445 1319 2509 sed
1350 2442 1416 2509 Bo-

286 2556 411 2634 sporum
422 2556 587 2619 l'bracium
610 2556 656 2617 eis
679 2556 846 2637 significari
869 2552 927 2618 sibi
942 2563 1176 2637 persuaserunt,
1199 2558 1337 2638 quamuis
1357 2576 1415 2619 ne-

286 2683 347 2746 que
369 2666 408 2728 de
422 2666 483 2727 hoc
494 2666 576 2728 freto
589 2665 680 2727 uobis
696 2665 894 2748 cogitandum
910 2682 980 2728 esse
1003 2683 1105 2745 neque
1123 2666 1197 2729 illud
1219 2667 1281 2729 iter
1300 2668 1419 2731 ablue·

286 2776 371 2839 otidc
387 2792 485 2859 usque
511 2776 550 2839 ad
566 2774 781 2855 Propontidem
801 2774 882 2838 baud
904 2794 1053 2856 quaquam
1075 2778 1164 2858 parui
1187 2779 1267 2858 spati
1289 2779 1327 2841 ab
1339 2778 1417 2840 lone

189 2864 194 2869 ³
285 2888 461 2951 conlectum
484 2905 556 2951 esse
579 2887 641 2951 ulla
664 2904 745 2951 uoce
766 2887 929 2951 indicetur.
974 2887 1062 2950 Vnde
1084 2894 1187 2950 autem
1219 2893 1412 2969 spectatores

285 3001 368 3062 scire
395 3005 538 3077 poterant
560 3000 664 3060 lonem
695 3015 765 3060 esse
792 2998 887 3082 longe
908 2976 1118 3081 progressam,
1141 3000 1202 3062 uisi
1224 3000 1283 3062 boc
1302 2999 1415 3064 dictum

286 3109 377 3172 erat?
397 3107 447 3172 An
469 3107 654 3190 Aeschylum
677 3106 850 3171 credideris
873 3127 944 3171 eum
966 3109 1066 3173 luisse
1078 3117 1225 3191 poetam,
1247 3112 1312 3191 qui,
1335 3129 1417 3193 quae

286 3222 322 3282 ad
347 3219 526 3303 tragoedias
548 3219 775 3302 intellegendas
797 3221 973 3283 necessaria
996 3227 1112 3298 essent,
1136 3222 1313 3284 omitteret?

386 3333 495 3413 Neque
517 3331 625 3393 melior
640 3330 805 3393 Vcelokeri
825 3331 905 3394 ratio
929 3338 990 3409 est,
1012 3333 1064 3412 qui
1086 3332 1168 3394 illam
1189 3331 1411 3410 difficultatem,

284 3462 374 3526 quam
398 3443 529 3505 Caucasi
551 3444 631 3504 situs
659 3441 749 3504 nobis
778 3440 885 3521 allent,
906 3445 947 3504 ita
970 3444 1137 3506 sustulisse
1159 3443 1218 3506 sibi
1237 3445 1324 3507 uisus
1351 3450 1409 3522 est,

390 3680 419 3752 1)
436 3682 611 3751 llaiuganum,
636 3681 679 3751 qui
702 3681 728 3734 in
752 3679 823 3734 labui
846 3677 985 3733 Annalibus
1006 3694 1030 3733 a.
1050 3675 1118 3735 1828
1141 3679 1229 3733 tunt
1245 3678 1271 3745 3,
1288 3678 1339 3736 325
1356 3696 1416 3749 sqq.

283 3778 349 3832 illius
372 3777 429 3831 libri
450 3776 578 3830 Welclseri
600 3792 730 3829 censuram
748 3774 857 3843 scripsit,
874 3774 935 3827 nihil
953 3775 1009 3829 lere
1025 3774 1092 3828 aliud
1111 3791 1185 3844 quam
1199 3774 1264 3828 illius
1275 3775 1414 3829 sententiaa

283 3873 378 3929 rettulit
394 3882 471 3942 atque
488 3870 572 3940 paullo
590 3871 732 3923 accuratius
749 3870 892 3938 descripsit.

386 3969 416 4038 2)
432 3969 461 4023 tn
477 3967 565 4022 lluseo
583 3966 663 4022 uben.
683 3982 707 4020 a.
729 3963 804 4022 1829.
820 3974 839 4022 t
855 3965 897 4030 ΠΙ,
914 3981 940 4034 p.
958 3965 1105 4022 uta-323.

386 4062 418 4132 3)
434 4064 463 4116 lu
479 4069 614 4117 comment
631 4061 663 4114 ad
680 4060 801 4129 Acscbyl
816 4060 836 4126 l,
853 4076 879 4129 p.
896 4063 923 4127 9,
940 4076 965 4129 p.
985 4060 1127 4117 tto-178.

386 4155 416 4226 l)
434 4157 589 4211 Vootokarua
611 4157 644 4210 de
667 4156 735 4210 louis
759 4156 889 4210 erroribus
907 4156 999 4211 iussam
1017 4155 1107 4209 librum
1125 4154 1174 4211 231
1193 4156 1350 4225 paginarum,
1368 4154 1414 4223 qui

282 4258 332 4308 lite
356 4254 494 4318 mpmuase
518 4254 677 4315 senercurte
702 4256 749 4303 der
768 4254 894 4305 coeman
919 4258 975 4305 aad
990 4257 1099 4306 ltosmsr
1122 4259 1189 4314 part.
1211 4256 1233 4306 1.
1257 4249 1413 4315 inscribimur,

282 4349 381 4416 Lipsiae
397 4363 420 4401 a.
442 4345 693 4414 usurpabimus·
710 4344 780 4398 lacit.
